4299 5782
816 353 846 408 1
875 350 982 413 20

811 444 1375 533 Grammatica
1433 435 2108 531 Samscrdamica‘.
2175 448 2596 534 Kauravae
2665 472 2994 535 centum
3083 445 3369 533 fratres
3417 505 3443 546 ‚
3508 445 3804 535 conso·-

814 576 1096 660 brinos
1165 567 1349 655 suos
1395 573 1765 688 quinque
1814 570 2105 657 fratres
2146 575 2552 659 Pandavas
2588 571 2967 661 accusant
3007 638 3031 673 ‚
3101 573 3322 689 quod
3370 575 3803 687 illegitimo

815 770 902 833 et
978 775 1144 834 non
1212 740 1558 830 naturali
1612 738 1857 825 modo
1913 763 2020 824 ex
2074 731 2336 829 &3553
2373 746 2622 829 Cundl
2656 743 2963 829 femina
2994 740 3264 826 Pandu
3304 746 3521 856 regis
3550 770 3803 828 uxore

825 918 999 1000 nati
1070 912 1222 1000 sint
1278 972 1304 1013 ‚
1369 935 1655 1024 utpote
1710 914 1921 1027 quae
1968 939 2111 997 eos
2170 937 2344 998 arte
2413 915 2725 1027 magica
2780 941 2827 996 a
2884 915 3072 998 Iove
3113 971 3141 1014 ,
3205 910 3390 995 Sole
3449 971 3473 1011 ,
3541 908 3795 996 Yama

816 1040 1035 1143 deo,
1103 1036 1437 1154 aliisque
1493 1038 1695 1122 divis
1757 1063 2203 1153 conceptos
2262 1067 2409 1153 per
2464 1068 2803 1141 aurem,
2852 1042 2931 1122 δε
2995 1037 3156 1122 fine
3237 1033 3511 1121 Panda
3584 1038 3799 1151 regis

802 1209 1285 1294 interventu
1321 1269 1345 1311 ,
1374 1201 1833 1326 genuissent
1868 1211 1947 1289 &
1980 1202 2517 1320 profudissent
2552 1267 2577 1295 .
2621 1220 2697 1336 ,g
2719 1187 3219 1318 enigmata
3300 1200 3799 1325 Durybdbanae

814 1426 898 1507 &
1001 1398 1266 1505 ῶὼὃ
1335 1424 1572 1505 karna
1637 1444 1832 1506 natu
1883 1421 2231 1506 maiores
2282 1425 2800 1507 kant-avarum
2864 1416 3152 1533 fratres
3201 1446 3386 1504 cum
3422 1416 3576 1504 suis
3611 1422 3789 1505 aliis

821 1597 1267 1703 nonaginta
1314 1597 1681 1691 novem(
1740 1616 1973 1675 etant
2038 1594 2254 1675 enim
2308 1614 2638 1675 centum
2719 1596 2798 1672 &
2892 1597 3174 1689 unus)
3251 1585 3632 1672 fratribus
3707 1591 3795 1674 in

820 1709 1192 1830 quinque
1250 1712 1773 1800 consobrinos
1831 1709 2015 1800 suos
2070 1718 2471 1801 Pandavas
2534 1715 2837 1798 bellum
2889 1737 3222 1797 movent
3270 1776 3295 1814 ,
3359 1741 3616 1824 regno
3647 1738 3793 1797 eos
3923 1807 3934 1816 .

816 1865 903 1925 er
953 1841 1291 1925 urbibus
1336 1846 1711 1955 privant,
1781 1841 2029 1924 candi
2076 1868 2359 1927 eorum
2427 1865 2760 1924 matrem
2822 1843 3190 1924 maximis
3226 1843 3545 1923 iniuriis
3613 1865 3800 1924 exa-

817 1969 1081 2078 girant
1118 2002 1156 2067 ,¹
1204 1970 1415 2052 vitae
1483 1993 1764 2050 eorum
1835 1963 2361 2050 insidiantur.
2425 1969 2671 2049 Poeta
2738 1966 3280 2048 Pandavarum
3365 1962 3787 2076 personam

818 2091 1147 2174 indutus
1216 2091 1415 2177 haec
1462 2094 2011 2175 Kauravarum
2068 2092 2374 2176 scelera
2420 2113 2842 2174 enumerat
2876 2149 2902 2188 ,
2965 2115 3214 2202 atque
3249 2092 3492 2172 deum
3547 2088 3788 2173 Shiva

811 2218 1130 2328 pcccati
1194 2219 1600 2303 vindicem
1654 2221 1996 2319 incitat,
2061 2241 2292 2330 rogat
2334 2276 2360 2314 ‚
2431 2240 2814 2325 provocat
2879 2238 2965 2295 ut
3020 2210 3316 2297 scelera
3396 2216 3525 2300 illa
3600 2218 3794 2299 ulci-

808 2337 1129 2438 scatur,
1187 2335 1502 2425 afflictis
1538 2402 1563 2441 ,
1633 2339 1935 2425 miseris
1984 2400 2011 2439 ,
2075 2336 2399 2426 adversa
2456 2342 2785 2423 fortuna
2820 2340 3571 2445 deiectisPandavis
3609 2341 3785 2454 pla-

808 2465 1150 2548 cabilem
1213 2490 1298 2549 et
1353 2463 1948 2551 misericordem
1995 2460 2073 2550 se
2133 2467 2517 2578 praebeat
2567 2526 2593 2565 ,
2654 2461 3077 2578 collapsam
3148 2463 3560 2551 fortunam
3658 2494 3786 2550 re-

817 2587 1163 2689 stauret,
1223 2592 1688 2677 vacillantes
1741 2589 2088 2688 fulciat,
2149 2615 2236 2675 et
2284 2615 2470 2674 cum
2528 2586 2774 2672 iudex
2827 2584 2988 2703 ipse
3047 2587 3141 2675 fit
3202 2616 3287 2674 et
3354 2595 3818 2676 criminum¹

813 2717 1266 2815 vindex,-a
1320 2719 1506 2799 Deo
1561 2713 1815 2829 poscit
1852 2778 1874 2816 ,
1934 2740 2024 2801 ut
2079 2715 2449 2799 iustitiam
2510 2741 2594 2800 et
2630 2711 2967 2798 caussam
3036 2743 3317 2800 eorum
3390 2742 3718 2802 tueatur
3757 2710 3814 2797 .’

799 2841 895 2924 In
945 2842 1072 2925 his
1145 2870 1412 2927 rerum
1473 2839 2037 2956 asperitatibus
2076 2903 2098 2941 ,
2161 2846 2474 2927 animae
2519 2840 2896 2953 angustiis
2933 2903 2953 2941 ,
3012 2868 3104 2926 ac
3174 2837 3780 2928 solicitudinum

807 2967 1110 3050 aculeis
1159 2967 1280 3050 his
1342 2973 1702 3083 quinque
1755 2968 2136 3053 fratribus
2192 2995 2524 3079 apparet
2578 2969 2776 3050 deus
2831 2966 3148 3050 Vishnu
3236 2970 3316 3050 in
3392 2970 3779 3055 Krshnam

805 3088 943 3174 seu
1011 3093 1472 3203 Apollinem
1544 3098 2058 3191 incarnatus,
2109 3088 2519 3176 adversam
2589 3119 2872 3175 eorum
2953 3092 3366 3177 fortunam
3453 3093 3781 3194 mollit,

805 3217 1257 3301 adiutorem
1321 3216 1395 3301 se
1470 3219 1855 3330 praebet,
1910 3214 2254 3301 afflicios
2317 3213 2613 3300 solatur
2646 3277 2670 3317 ‚
2723 3217 2820 3301 ad
2862 3215 3328 3330 capessenda
3384 3247 3601 3304 arma
3651 3243 3780 3304 ex·

805 3344 1001 3425 citat
1037 3403 1062 3441 ,
1119 3342 1282 3456 ipse
1345 3343 1585 3426 rebus
1637 3347 1968 3454 agendis
2027 3341 2249 3455 quod
2305 3341 2616 3424 bonnm
2696 3341 3200 3458 faustumque
3296 3341 3380 3426 fit
3426 3340 3778 3456 ,dispo-

802 3469 989 3564 nit‚
1047 3497 1194 3579 pro
1259 3476 1377 3554 eis
1431 3468 1847 3566 dimicat,-
1884 3493 2132 3583 atque
2190 3491 2551 3551 extorres
2602 3464 3088 3584 miserosque
3175 3470 3569 3552 Pandavas
3652 3497 3775 3553 re·

803 3618 973 3705 gno
1044 3589 1187 3678 suo
1249 3618 1335 3679 et
1394 3592 1620 3677 saluti
1680 3592 2021 3677 restituit
2065 3652 2087 3675 .

1055 3727 1233 3804 Hoc
1303 3721 1845 3803 Pandavarum
1884 3717 2237 3817 bellum,
2286 3717 2661 3801 materies
2720 3717 2828 3802 est
2866 3744 2948 3806 er
2987 3715 3429 3802 subiectum
3491 3723 3612 3821 (r)
3646 3714 3792 3802 ces

793 3874 1202 3972 leberrimi
1235 3888 1446 3972 illius
1475 3889 1871 4000 poematis
1898 3888 2154 3973 Indici
2204 3911 2344 4012 ωδ
2365 3869 2478 3971 Θ
2497 3862 3021 4012 ‹23ng
3040 3916 3155 3970 ιω
3178 3892 3217 3965 3
3289 3887 3774 3972 rudbishdira

783 4057 1017 4169 vigea
1063 4120 1088 4157 ,
1153 4053 1295 4141 seu
1348 4057 1790 4140 bellatorum
1848 4055 2175 4142 αἰθερία
2241 4054 2647 4168 inscripti,
2703 4055 2924 4170 quod
2993 4051 3350 4142 versibus
3399 4050 3767 4141 Samscr·
3845 4145 3851 4154 ,

785 4185 1122 4270 damicis
1187 4181 1323 4268 seu
1387 4181 1653 4293 Sbloga
1708 4205 2129 4268 exaratum
2208 4181 2305 4264 R.
2358 4184 2437 4263 P.
2489 4181 2893 4264 Iohannes
2971 4179 3344 4263 Ernestus
3426 4183 3774 4268 Hanxle·

784 4308 945 4392 den
1009 4336 1067 4392 e.
1114 4307 1207 4393 S..
1248 4313 1311 4393 1.
1378 4313 1501 4391 vir
1557 4307 2030 4392 immortalis
2101 4337 2204 4393 ex
2275 4306 2693 4391 codicibus
2784 4310 3161 4389 corticeis
3227 4304 3768 4395 Brahmanum

791 4435 1253 4520 academiae
1336 4433 1423 4518 T
1407 4435 1887 4549 ricimere-19&
1927 4438 2033 4532 ¹in
2102 4430 2552 4536 ,Malabari‘a
2600 4424 3008 4543 exscripsit
3045 4493 3067 4516 .

1036 4564 1300 4643 Huius
1359 4562 1539 4644 libri
1605 4566 1859 4674 prima
1905 4563 2057 4650 tria
2105 4564 2369 4669 capita
2418 4560 2500 4638 in
2564 4556 2930 4670 collegio
2987 4556 3626 4664 Ambulacanenst
3682 4561 3764 4644 in

769 4680 1215 4770 Malabaria
1280 4684 1639 4771 distraaa
1694 4688 2247 4787 interierunt,
2311 4683 2627 4798 reliqua
2663 4709 3015 4800 quatuor
3051 4709 3212 4794 ego
3246 4686 3520 4796 pretio
3551 4711 3764 4767 com·

3622 4834 3760 4922 pa·

851 4926 967 5012 (ι)
1008 4925 1252 4997 confer
1278 4924 1537 5014 Afiaetk
1560 4927 1910 5017 rafim-hes
1934 4948 2109 4996 tom.
2143 4951 2202 4997 ι.
2327 4879 2843 5012 malmin,
2878 4935 3127 4999 Romae
3147 4945 3345 5014 ¹77⁸
3351 4942 3508 5022 pag.
3491 4945 3585 5010 ..7

764 5035 905 5107 pag·
930 5026 1017 5088 26
1030 5042 1090 5093 ι.
1113 5042 1272 5113 3⁴3·
1254 5021 1726 5116 ..alphabetum
1756 5022 2204 5095 Grandaevis·-
