4299 5782
859 287 1025 389 1-98

751 437 762 440 a
851 417 991 525 qui
1059 407 1216 493 hoc
1303 379 1520 492 anno
1589 435 1853 514 1792.
1937 404 2254 492 decima
2296 402 2703 520 Augusti
2750 406 2883 512 ad
2920 399 3271 520 Amphis
3278 419 3498 492 mum
3575 406 3825 496 Card.

851 537 1123 647 Borgt‘a
1185 529 1598 633 scribens,
1654 561 1752 617 ex
1805 560 1931 616 me
1979 533 2300 646 linguae
2356 529 3021 620 Samscrdamicae
3082 561 3185 618 ex
3230 534 3457 616 India
3518 538 3597 619 in
3634 540 3823 620 Per-

855 663 1097 746 fidem
1186 663 1836 771 migrationem,
1936 658 2265 774 eiusque
2359 661 2657 745 deinde
2722 664 2803 744 in
2864 663 3129 745 Indias
3192 655 3621 771 regressum
3675 690 3820 774 pet·

849 787 1117 872 Persas
1189 787 1576 933 ignicolas
1617 787 1939 870 Guebres
1966 789 2282 886 diCtos,
2337 782 2532 871 scire
2592 790 3129 902 peroptabat.
3160 788 3314 871 Ex
3378 785 3551 870 hac
3565 786 3819 886 nostra

851 908 1400 1026 disquisitione
1460 917 1612 997 iam
1674 908 2091 1026 perspicue
2169 920 2245 996 &
2303 937 2578 1041 aperte
2653 940 2946 1025 patet,
3032 936 3394 996 veterem
3454 910 3818 1024 linguam

853 1040 1503 1146 Samstrdamicam
1558 1033 1898 1137 sacram,
1966 1069 2070 1123 ex
2133 1065 2298 1153 qua
2340 1064 2484 1119 nos
2517 1065 2805 1156 omnes
2843 1040 3277 1152 praedictas
3318 1065 3614 1121 vocum
3650 1064 3820 1156 ety-

853 1168 1241 1279 mologias
1302 1167 1766 1260 attulimus,
1832 1190 2231 1250 veterum
2249 1173 2652 1276 Magorum
2706 1167 3066 1277 linguam
3134 1158 3368 1262 esse,
3434 1189 3641 1277 quae
3707 1167 3810 1252 ad
3922 1193 3927 1197 ·

852 1289 1064 1378 hanc
1120 1288 1368 1408 usque
1430 1293 1646 1376 diem
1716 1292 1798 1371 in
1861 1292 2279 1381 veteribus
2349 1289 2652 1374 Indicis
2705 1290 2975 1387 libris,
3021 1317 3113 1373 ae
3183 1293 3651 1401 cumprimis
3724 1294 3812 1380 in

852 1418 1374 1506 vocabulario
1424 1417 1904 1520 Amarastnha
1968 1415 2288 1514 sanste,
2350 1441 2786 1513 accurate,
2854 1421 2933 1499 δε
2987 1416 3429 1526 diligenter
3491 1414 3817 1501 conser-

840 1568 1023 1631 vata
1079 1541 1287 1632 fuit.
1365 1542 1934 1662 Etymologiae
1989 1546 2209 1648 enim
2271 1544 2708 1651 Perficarum
2770 1542 3285 1637 dietionum,
3345 1565 3552 1654 quae
3619 1566 3810 1629 ante

842 1695 1110 1755 aeram
1161 1670 1573 1782 vulgarem
1630 1672 1712 1750 in
1766 1671 2042 1778 Perstde
2096 1674 2174 1750 δι
2227 1668 2447 1750 India
2502 1670 2584 1750 in
2653 1662 2794 1749 usu
2846 1693 3121 1765 erant,
3184 1694 3285 1749 ex
3322 1665 3476 1748 hoc
3524 1669 3804 1770 Indico

837 1795 1051 1879 libro
1087 1792 1321 1880 facile
1389 1800 1466 1877 δι
1526 1819 1711 1877 tuto
1779 1789 2416 1907 depromuntur.
2480 1795 2791 1904 Lingua
2839 1797 3158 1905 ergo&
3198 1792 3819 1890 vocabularium,

840 1949 948 2008 ex
1012 1947 1179 2037 quo
1242 1915 1520 2005 Orumci
1573 1925 1650 2002 δε
1682 1922 1944 2004 Arima
1979 1981 2003 2020 ,
2053 1921 2408 2004 'Or-muzd
2436 1926 2513 2002 δι
2539 1920 2944 2018 Ahar-bna,
2989 1914 3283 2022 Sha‘stra
3348 1923 3424 1999 δι
3459 1916 3748 2003 Saddar
3772 1978 3801 2023 ,

683 2115 686 2120 .
840 2056 1047 2130 Gaur
1110 2043 1204 2130 (θ’
1253 2047 1542 2131 Guabre
1576 2105 1600 2145 ,
1665 2048 1909 2132 Mitra
1968 2052 2043 2134 δε
2106 2047 2452 2147 Mithra,
2507 2047 2741 2131 Maka
2792 2052 2868 2128 δι
2926 2052 3165 2157 Maga
3219 2041 3355 2127 seu
3426 2071 3791 2157 magnus,

839 2175 1035 2257 Sura
1079 2180 1156 2256 δι
1212 2172 1400 2256 Sbur
1449 2175 1763 2287 aliaque
1843 2173 2237 2256 vocabula
2311 2177 2394 2254 in
2460 2172 2769 2278 Perside
2826 2175 2906 2251 &
2970 2173 3199 2253 India
3267 2194 3457 2253 ante
3528 2195 3797 2258 aeram

833 2285 1245 2410 vulgarem
1332 2288 1704 2411 usurpata
1797 2295 2427 2411 deprompsimus
2483 2361 2508 2398 ,
2595 2303 2813 2380 inter
2876 2299 3137 2409 Magos
3175 2290 3467 2405 ‘Persas
3522 2301 3601 2380 δε
3658 2301 3795 2381 In·

827 2425 977 2510 dos
1038 2424 1284 2538 longe
1333 2449 1527 2506 ante
1593 2448 1864 2506 aeram
1913 2425 2322 2534 vulgarem
2381 2424 2823 2506 exstiterint
2874 2422 2985 2507 est
3048 2417 3356 2506 necesse
3410 2479 3434 2501 .
3503 2420 3788 2523 Adde,

826 2543 1434 2662 inscriptionem
1492 2549 1784 2632 Mitrae
1840 2546 1973 2632 seu
2043 2549 2293 2631 Tauri
2322 2547 2739 2661 Burghefii
2802 2550 2882 2630 in
2940 2547 3120 2634 villa
3172 2548 3519 2632 Pinciana
3575 2548 3795 2632 Sam-⁴

819 2671 1330 2768 scrdamicam
1393 2672 1606 2769 effe;
1656 2674 1859 2762 adde
1898 2679 2277 2790 inquam,
2336 2674 2568 2759 aliam
2608 2667 3219 2791 inscriptionem
3258 2671 3579 2772 tabulae
3644 2699 3792 2758 cu-

814 2826 1059 2916 preae
1127 2806 1340 2916 regis
1389 2800 1710 2910 Gopcila,
1762 2827 1971 2915 quae
2025 2799 2124 2882 ad
2186 2827 2225 2881 a
2247 2827 2327 2909 3.
2385 2826 2686 2883 annum
2753 2823 2943 2883 ante
3027 2825 3291 2884 aeram
3355 2800 3786 2912 vulgarem

814 2926 1165 3012 refertur
1200 2990 1223 3025 ,
1279 2954 1686 3044 quamque
1750 2922 1994 3041 Angli
2044 2923 2615 3009 Calcuttenses
2696 2929 2777 3007 in
2836 2924 3045 3009 lib'ro
3094 2927 3427 3034 Astatick
3503 2926 3791 3030 restar-

814 3055 988 3139 cbes·
1027 3077 1336 3147 tom.‚1.
1367 3081 1552 3166 pag.
1595 3083 1627 3135 ι
1659 3081 1794 3158 ²3·
1842 3055 1921 3134 δι
1979 3046 2139 3165 seq.
2197 3048 2626 3147 illustrant,
2677 3053 2975 3163 pariter
3021 3053 3297 3165 lingua
3351 3052 3784 3157 samscrda-
3826 3104 3829 3107 -

809 3182 1006 3265 mt'ca‘
1062 3201 1467 3263 exaratam
1505 3171 1694 3260 effe.
1767 3176 1975 3261 Vide
2005 3169 3146 3289 grammat.Samscrdamieam
3203 3203 3378 3290 pag.
3422 3182 3562 3263 28.
3598 3180 3788 3287 Lin-

759 3379 764 3384 .
811 3304 977 3419 'gua
1032 3304 1308 3419 itaque
1367 3301 1983 3391 Samscrdamica
2041 3329 2086 3386 a
2143 3303 2319 3420 Cyri
2349 3327 2766 3416 tempore,
2817 3301 2897 3385 id
2950 3300 3057 3386 est
3110 3302 3214 3387 ab
3270 3331 3486 3387 anno
3535 3307 3778 3390 circi·'

809 3457 944 3516 ter
1014 3460 1214 3537 540.
1261 3456 1453 3514 ante
1511 3456 1774 3512 aeram
1831 3428 2299 3539 vulgarem,
2365 3456 2535 3542 quo
2590 3430 2816 3542 Mag!
2874 3429 3219 3512 iubente
3282 3435 3458 3543 Cyro
3517 3425 3770 3516 sacro·-

776 3556 988 3640 'rum
1054 3556 1588 3639 curandorum
1659 3580 1948 3636 munus
2007 3547 2577 3665 susceperant,
2632 3557 2710 3636 in
2764 3547 3071 3637 Perside
3134 3557 3211 3635 δι
3280 3555 3506 3640 India
3558 3556 3773 3644 obti-

815 3687 1044 3780 nuit,
1102 3704 1346 3795 atque
1406 3706 1500 3763 ea
1548 3681 1650 3764 ab
1677 3678 1993 3791 origine
2054 3673 2217 3760 sua
2243 3707 2403 3762 non
2447 3680 2802 3778 Medica,
2866 3706 3027 3763 non
3080 3676 3424 3786 Perstca,
3465 3677 3599 3766 sed
3632 3688 3770 3767 In-

805 3809 983 3895 dica
1033 3806 1251 3891 fuit.
1331 3831 1511 3889 nam
1568 3805 1775 3888 liber
1828 3803 2314 3898 Amaraffnha
2360 3831 2463 3889 ex
2528 3833 2696 3918 quo
2764 3801 2993 3917 supra
3050 3805 3332 3889 allatae
3367 3805 3768 3895 difiiones
3934 3792 3943 3803 ’

802 3939 880 4017 &
929 3931 1476 4050 etymologiae
1533 3924 1943 4017 desumtae
2003 3926 2207 4031 sunt,
2247 3956 2410 4013 non
2466 3931 2886 4028 MedicuS,
2954 3959 3119 4015 non
3162 3927 3581 4039 Persicus,
3627 3928 3765 4024 sed

809 4061 1133 4142 Indicus
1196 4055 1314 4140 est
1337 4057 1590 4158 liber
1643 4061 1789 4169 qui
1824 4053 2201 4157 sacram&
2246 4054 2732 4153 litteralem,
2780 4082 2872 4139 ac
2901 4057 3358 4168 liturgteam
3394 4059 3760 4189 linguam

803 4182 1509 4269 Samscrdamicam
1578 4183 1824 4267 docet
1884 4241 1908 4265 .
1993 4183 2201 4267 Vide
2261 4187 2605 4278 Examen·
2664 4179 2984 4287 htstorz’co
3036 4184 3375 4266 criticum
3436 4168 3759 4272 codicum

793 4312 1209 4395 Indicorum
1271 4307 1466 4392 bibl.
1499 4308 1578 4393 S.
1607 4310 1918 4418 Congr.
1953 4308 2054 4392 de
2082 4286 2315 4419 Prop.
2356 4282 2543 4392 Fide
2578 4333 2858 4420 pag.9.
2902 4337 3030 4395 to.
3082 4338 3109 4392 1
3144 4339 3219 4394 ι.
3262 4316 3402 4421 ar.
3440 4339 3584 4418 37.
3617 4309 3758 4398 ubi

793 4434 899 4522 de
960 4436 1423 4517 Indicorum
1473 4433 1848 4517 codicum
1899 4458 2165 4517 aetate
2223 4434 2598 4555 egimus.
2665 4435 2870 4518 Vide
2915 4430 3159 4520 etiam
3202 4460 3379 4549 pag.
3416 4440 3555 4546 38.
3615 4435 3758 4524 ubi

794 4588 897 4646 ex
955 4560 1068 4648 D.
1097 4554 1194 4643 D'
1221 4558 1574 4643 Herbelot
1635 4558 1958 4643 Indicos
2023 4556 2274 4642 libros
2352 4546 2521 4675 sub'
2564 4558 2961 4668 Hufchenk
3000 4556 3353 4647 secundo
3420 4559 3624 4647 Pers
3629 4564 3754 4669 dis

788 4712 986 4798 rege
1021 4690 1335 4796 primae
1380 4684 1800 4802 dynastiae
1895 4690 1972 4768 in
2048 4687 2404 4795 Persidem
2444 4664 2745 4775 illatos
2774 4672 3019 4775 fuiss‘e
3060 4692 3214 4772 iam
3230 4689 3750 4779 docuimuS.

790 4813 1309 4910 Secundum,
1356 4811 1591 4930 quod
1651 4837 1751 4897 ex
1806 4807 2525 4930 disquisitionibus
2562 4810 2839 4959 nostris
2912 4808 3355 4936 sequitur,
3352 4813 3495 4902 est
3535 4810 3740 4900 luei-

3142 5018 3149 5031 .
3268 4944 3277 4956 ⁶
3446 4941 3553 5032 da
3612 4940 3747 5033 ina
