<?xml version="1.0" encoding="UTF-8"?>
<!DOCTYPE html PUBLIC "-//W3C//DTD XHTML 1.0 Transitional//EN"
    "http://www.w3.org/TR/xhtml1/DTD/xhtml1-transitional.dtd">
<html xmlns="http://www.w3.org/1999/xhtml" xml:lang="en" lang="en">
 <head>
  <title>
</title>
<meta http-equiv="Content-Type" content="text/html;charset=utf-8" />
  <meta name='ocr-system' content='tesseract 3.04.00' />
  <meta name='ocr-capabilities' content='ocr_page ocr_carea ocr_par ocr_line ocrx_word'/>
</head>
<body>
  <div class='ocr_page' id='page_1' title='image "./museiborgianive00bartgoog/museiborgianive00bartgoog_0053.png"; bbox 0 0 4299 5782; ppageno 0'>
   <div class='ocr_carea' id='block_1_1' title="bbox 3373 358 3488 462">
    <p class='ocr_par' dir='ltr' id='par_1_1' title="bbox 3373 358 3488 462">
     <span class='ocr_line' id='line_1_1' title="bbox 3373 358 3488 462; baseline 0 -10"><span class='ocrx_word' id='word_1_1' title='bbox 3373 358 3488 462; x_wconf 80' lang='grc'>37</span> 
     </span>
    </p>
   </div>
   <div class='ocr_carea' id='block_1_2' title="bbox 390 448 3518 2847">
    <p class='ocr_par' dir='ltr' id='par_1_2' title="bbox 390 448 3510 1204">
     <span class='ocr_line' id='line_1_2' title="bbox 390 448 3490 551; baseline -0 -7"><span class='ocrx_word' id='word_1_2' title='bbox 390 516 397 524; x_wconf 77' lang='lat'><strong>·</strong></span> <span class='ocrx_word' id='word_1_3' title='bbox 496 451 830 546; x_wconf 78' lang='lat' dir='ltr'>Persicis</span> <span class='ocrx_word' id='word_1_4' title='bbox 887 462 927 541; x_wconf 67' lang='lat'><strong>2</strong></span> <span class='ocrx_word' id='word_1_5' title='bbox 978 452 1282 541; x_wconf 85' lang='lat' dir='ltr'>Nonne</span> <span class='ocrx_word' id='word_1_6' title='bbox 1337 451 1441 542; x_wconf 89' lang='lat' dir='ltr'>de</span> <span class='ocrx_word' id='word_1_7' title='bbox 1499 452 1874 551; x_wconf 80' lang='lat' dir='ltr'>Graecis</span> <span class='ocrx_word' id='word_1_8' title='bbox 1903 458 1985 542; x_wconf 86' lang='lat'>&amp;</span> <span class='ocrx_word' id='word_1_9' title='bbox 2035 457 2419 544; x_wconf 84' lang='lat' dir='ltr'>Romanis</span> <span class='ocrx_word' id='word_1_10' title='bbox 2457 461 2514 518; x_wconf 75' lang='lat'>&#39;²</span> <span class='ocrx_word' id='word_1_11' title='bbox 2534 459 2884 551; x_wconf 85' lang='lat' dir='ltr'>Nonne</span> <span class='ocrx_word' id='word_1_12' title='bbox 2963 448 3249 542; x_wconf 91' lang='lat' dir='ltr'>seculo</span> <span class='ocrx_word' id='word_1_13' title='bbox 3317 474 3490 543; x_wconf 85' lang='lat' dir='ltr'>ter-</span> 
     </span>
     <span class='ocr_line' id='line_1_3' title="bbox 505 581 3492 731; baseline 0.001 -60"><span class='ocrx_word' id='word_1_14' title='bbox 505 581 685 686; x_wconf 83' lang='lat' dir='ltr'>tio,</span> <span class='ocrx_word' id='word_1_15' title='bbox 742 612 919 731; x_wconf 81' lang='lat' dir='ltr'>quo</span> <span class='ocrx_word' id='word_1_16' title='bbox 985 581 1365 671; x_wconf 87' lang='lat' dir='ltr'>astrorum</span> <span class='ocrx_word' id='word_1_17' title='bbox 1423 585 1693 669; x_wconf 87' lang='lat' dir='ltr'>cultus</span> <span class='ocrx_word' id='word_1_18' title='bbox 1760 584 2291 685; x_wconf 82' lang='lat' dir='ltr'>exoleverat,</span> <span class='ocrx_word' id='word_1_19' title='bbox 2355 610 2526 700; x_wconf 90' lang='lat' dir='ltr'>quo</span> <span class='ocrx_word' id='word_1_20' title='bbox 2586 582 3100 727; x_wconf 80' lang='lat' dir='ltr'>mythologia</span> <span class='ocrx_word' id='word_1_21' title='bbox 3162 585 3492 690; x_wconf 81' lang='lat' dir='ltr'>Graeca</span> 
     </span>
     <span class='ocr_line' id='line_1_4' title="bbox 503 709 3510 827; baseline 0.002 -34"><span class='ocrx_word' id='word_1_22' title='bbox 503 710 663 795; x_wconf 90' lang='lat' dir='ltr'>iam</span> <span class='ocrx_word' id='word_1_23' title='bbox 737 714 1018 798; x_wconf 87' lang='lat' dir='ltr'>vitiata</span> <span class='ocrx_word' id='word_1_24' title='bbox 1077 732 1317 808; x_wconf 86' lang='lat' dir='ltr'>erat,</span> <span class='ocrx_word' id='word_1_25' title='bbox 1379 736 1548 824; x_wconf 90' lang='lat' dir='ltr'>quo</span> <span class='ocrx_word' id='word_1_26' title='bbox 1600 713 1985 822; x_wconf 87' lang='lat' dir='ltr'>prima-evi</span> <span class='ocrx_word' id='word_1_27' title='bbox 2039 709 2308 797; x_wconf 86' lang='lat' dir='ltr'>cultus</span> <span class='ocrx_word' id='word_1_28' title='bbox 2371 711 2503 796; x_wconf 82' lang='lat' dir='ltr'>vix</span> <span class='ocrx_word' id='word_1_29' title='bbox 2570 710 2847 827; x_wconf 89' lang='lat' dir='ltr'>aliqua</span> <span class='ocrx_word' id='word_1_30' title='bbox 2924 712 3162 795; x_wconf 86' lang='lat' dir='ltr'>notio</span> <span class='ocrx_word' id='word_1_31' title='bbox 3242 710 3510 817; x_wconf 45' lang='lat' dir='ltr'>exstag</span> 
     </span>
     <span class='ocr_line' id='line_1_5' title="bbox 503 830 3493 955; baseline 0.001 -33"><span class='ocrx_word' id='word_1_32' title='bbox 503 837 646 923; x_wconf 89' lang='lat' dir='ltr'>bat</span> <span class='ocrx_word' id='word_1_33' title='bbox 702 845 745 921; x_wconf 68' lang='grc' dir='ltr'>*ἒ</span> <span class='ocrx_word' id='word_1_34' title='bbox 822 840 1118 923; x_wconf 84' lang='lat' dir='ltr'>Nonne</span> <span class='ocrx_word' id='word_1_35' title='bbox 1200 836 1353 921; x_wconf 84' lang='lat' dir='ltr'>illis</span> <span class='ocrx_word' id='word_1_36' title='bbox 1414 830 1698 922; x_wconf 83' lang='lat' dir='ltr'>seculis</span> <span class='ocrx_word' id='word_1_37' title='bbox 1765 838 2063 955; x_wconf 88' lang='lat' dir='ltr'>quibus</span> <span class='ocrx_word' id='word_1_38' title='bbox 2121 839 2428 922; x_wconf 88' lang='lat' dir='ltr'>Romae</span> <span class='ocrx_word' id='word_1_39' title='bbox 2488 841 2765 923; x_wconf 88' lang='lat' dir='ltr'>omnia</span> <span class='ocrx_word' id='word_1_40' title='bbox 2825 837 3282 923; x_wconf 87' lang='lat' dir='ltr'>adventitia</span> <span class='ocrx_word' id='word_1_41' title='bbox 3342 867 3493 927; x_wconf 87' lang='lat' dir='ltr'>nu-</span> 
     </span>
     <span class='ocr_line' id='line_1_6' title="bbox 502 957 3495 1077; baseline 0.002 -29"><span class='ocrx_word' id='word_1_42' title='bbox 502 965 731 1059; x_wconf 86' lang='lat' dir='ltr'>mina</span> <span class='ocrx_word' id='word_1_43' title='bbox 788 964 1331 1061; x_wconf 81' lang='lat' dir='ltr'>colebantur,</span> <span class='ocrx_word' id='word_1_44' title='bbox 1394 957 1695 1077; x_wconf 88' lang='lat' dir='ltr'>quibus</span> <span class='ocrx_word' id='word_1_45' title='bbox 1764 962 2360 1050; x_wconf 75' lang='lat' dir='ltr'>simulacrorum</span> <span class='ocrx_word' id='word_1_46' title='bbox 2422 957 2684 1049; x_wconf 87' lang='lat' dir='ltr'>usus</span> <span class='ocrx_word' id='word_1_47' title='bbox 2659 992 2744 1049; x_wconf 88' lang='grc' dir='ltr'>ιιι</span> <span class='ocrx_word' id='word_1_48' title='bbox 2813 988 3000 1049; x_wconf 88' lang='lat' dir='ltr'>toto</span> <span class='ocrx_word' id='word_1_49' title='bbox 3063 959 3239 1050; x_wconf 89' lang='lat' dir='ltr'>fere</span> <span class='ocrx_word' id='word_1_50' title='bbox 3286 960 3495 1054; x_wconf 87' lang='lat' dir='ltr'>orbe</span> 
     </span>
     <span class='ocr_line' id='line_1_7' title="bbox 513 1083 3494 1204; baseline 0.001 -31"><span class='ocrx_word' id='word_1_51' title='bbox 513 1111 907 1174; x_wconf 88' lang='lat' dir='ltr'>terrarum</span> <span class='ocrx_word' id='word_1_52' title='bbox 962 1086 1371 1175; x_wconf 89' lang='lat' dir='ltr'>Sabaismo</span> <span class='ocrx_word' id='word_1_53' title='bbox 1439 1086 1906 1174; x_wconf 77' lang='lat' dir='ltr'>successerat</span> <span class='ocrx_word' id='word_1_54' title='bbox 1968 1096 2008 1172; x_wconf 71' lang='lat'><em>2</em></span> <span class='ocrx_word' id='word_1_55' title='bbox 2098 1089 2418 1175; x_wconf 86' lang='lat' dir='ltr'>Confer</span> <span class='ocrx_word' id='word_1_56' title='bbox 2484 1083 2924 1175; x_wconf 81' lang='lat' dir='ltr'>Eusebium</span> <span class='ocrx_word' id='word_1_57' title='bbox 2989 1154 3013 1190; x_wconf 89' lang='lat'>,</span> <span class='ocrx_word' id='word_1_58' title='bbox 3081 1092 3494 1204; x_wconf 90' lang='lat' dir='ltr'>Bergier,</span> 
     </span>
    </p>

    <p class='ocr_par' dir='ltr' id='par_1_3' title="bbox 394 1213 3500 2343">
     <span class='ocr_line' id='line_1_8' title="bbox 507 1213 3500 1331; baseline 0.001 -30"><span class='ocrx_word' id='word_1_59' title='bbox 507 1216 782 1301; x_wconf 83' lang='lat' dir='ltr'>Court</span> <span class='ocrx_word' id='word_1_60' title='bbox 843 1216 947 1302; x_wconf 90' lang='lat' dir='ltr'>de</span> <span class='ocrx_word' id='word_1_61' title='bbox 995 1214 1412 1315; x_wconf 88' lang='lat' dir='ltr'>Gebelin,</span> <span class='ocrx_word' id='word_1_62' title='bbox 1475 1213 1647 1298; x_wconf 69' lang='lat' dir='ltr'>locis</span> <span class='ocrx_word' id='word_1_63' title='bbox 1708 1215 2027 1315; x_wconf 72' lang='lat' dir='ltr'>citatis,</span> <span class='ocrx_word' id='word_1_64' title='bbox 2082 1215 2405 1331; x_wconf 84' lang='lat' dir='ltr'>&amp;apud</span> <span class='ocrx_word' id='word_1_65' title='bbox 2459 1214 2679 1300; x_wconf 90' lang='lat' dir='ltr'>hunc</span> <span class='ocrx_word' id='word_1_66' title='bbox 2735 1217 3164 1316; x_wconf 87' lang='lat' dir='ltr'>ultimum,</span> <span class='ocrx_word' id='word_1_67' title='bbox 3224 1223 3500 1304; x_wconf 56' lang='lat' dir='ltr'>auam</span> 
     </span>
     <span class='ocr_line' id='line_1_9' title="bbox 503 1331 3498 1456; baseline -0.001 -22"><span class='ocrx_word' id='word_1_68' title='bbox 503 1349 784 1434; x_wconf 87' lang='lat' dir='ltr'>ritates</span> <span class='ocrx_word' id='word_1_69' title='bbox 852 1337 1455 1456; x_wconf 86' lang='lat' dir='ltr'>sententiasque</span> <span class='ocrx_word' id='word_1_70' title='bbox 1498 1366 1649 1455; x_wconf 87' lang='lat' dir='ltr'>pro</span> <span class='ocrx_word' id='word_1_71' title='bbox 1711 1333 2121 1424; x_wconf 89' lang='lat' dir='ltr'>Sabaismo</span> <span class='ocrx_word' id='word_1_72' title='bbox 2170 1346 2250 1425; x_wconf 90' lang='lat'>&amp;</span> <span class='ocrx_word' id='word_1_73' title='bbox 2304 1339 2708 1453; x_wconf 87' lang='lat' dir='ltr'>allegoriis</span> <span class='ocrx_word' id='word_1_74' title='bbox 2749 1341 3039 1430; x_wconf 87' lang='lat' dir='ltr'>stantes</span> <span class='ocrx_word' id='word_1_75' title='bbox 3098 1331 3498 1450; x_wconf 86' lang='lat' dir='ltr'>Baconis,</span> 
     </span>
     <span class='ocr_line' id='line_1_10' title="bbox 505 1460 3496 1581; baseline -0.001 -21"><span class='ocrx_word' id='word_1_76' title='bbox 505 1467 1019 1568; x_wconf 81' lang='lat' dir='ltr'>Blackwelli,</span> <span class='ocrx_word' id='word_1_77' title='bbox 1084 1462 1482 1581; x_wconf 89' lang='lat' dir='ltr'>Basnagi,</span> <span class='ocrx_word' id='word_1_78' title='bbox 1553 1460 1900 1550; x_wconf 85' lang='lat' dir='ltr'>Abbatis</span> <span class='ocrx_word' id='word_1_79' title='bbox 1962 1463 2272 1567; x_wconf 91' lang='lat' dir='ltr'>Conti,</span> <span class='ocrx_word' id='word_1_80' title='bbox 2338 1463 2588 1567; x_wconf 88' lang='lat' dir='ltr'>Gali,</span> <span class='ocrx_word' id='word_1_81' title='bbox 2650 1466 3098 1556; x_wconf 85' lang='lat' dir='ltr'>Alexandri</span> <span class='ocrx_word' id='word_1_82' title='bbox 3149 1469 3253 1552; x_wconf 94' lang='lat' dir='ltr'>ab</span> <span class='ocrx_word' id='word_1_83' title='bbox 3315 1469 3496 1557; x_wconf 87' lang='lat' dir='ltr'>Ale·</span> 
     </span>
     <span class='ocr_line' id='line_1_11' title="bbox 505 1584 3497 1707; baseline -0.001 -23"><span class='ocrx_word' id='word_1_84' title='bbox 505 1599 874 1700; x_wconf 75' lang='lat' dir='ltr'>xandro,</span> <span class='ocrx_word' id='word_1_85' title='bbox 941 1593 1410 1707; x_wconf 87' lang='lat' dir='ltr'>Mignotii,</span> <span class='ocrx_word' id='word_1_86' title='bbox 1469 1589 1833 1688; x_wconf 88' lang='lat' dir='ltr'>Budaei,</span> <span class='ocrx_word' id='word_1_87' title='bbox 1897 1590 2188 1676; x_wconf 87' lang='lat' dir='ltr'>Huetii</span> <span class='ocrx_word' id='word_1_88' title='bbox 2247 1653 2273 1690; x_wconf 91' lang='lat'>,</span> <span class='ocrx_word' id='word_1_89' title='bbox 2339 1584 2664 1677; x_wconf 88' lang='lat' dir='ltr'>Ioannis</span> <span class='ocrx_word' id='word_1_90' title='bbox 2722 1595 3109 1694; x_wconf 79' lang='lat' dir='ltr'>Clerici,</span> <span class='ocrx_word' id='word_1_91' title='bbox 3174 1597 3497 1681; x_wconf 87' lang='lat' dir='ltr'>Macro-</span> 
     </span>
     <span class='ocr_line' id='line_1_12' title="bbox 510 1712 3496 1836; baseline -0 -26"><span class='ocrx_word' id='word_1_92' title='bbox 510 1724 622 1810; x_wconf 90' lang='lat' dir='ltr'>bii</span> <span class='ocrx_word' id='word_1_93' title='bbox 662 1785 705 1822; x_wconf 84' lang='lat'>,</span> <span class='ocrx_word' id='word_1_94' title='bbox 754 1724 1324 1836; x_wconf 83' lang='lat' dir='ltr'>aliorumque.</span> <span class='ocrx_word' id='word_1_95' title='bbox 1388 1717 1479 1802; x_wconf 73' lang='lat' dir='ltr'>st</span> <span class='ocrx_word' id='word_1_96' title='bbox 1534 1716 1673 1828; x_wconf 83' lang='lat' dir='ltr'>qul</span> <span class='ocrx_word' id='word_1_97' title='bbox 1719 1720 1751 1819; x_wconf 90' lang='lat'>&lt;</span> <span class='ocrx_word' id='word_1_98' title='bbox 1798 1712 2178 1801; x_wconf 85' lang='lat' dir='ltr'>homines</span> <span class='ocrx_word' id='word_1_99' title='bbox 2219 1725 2252 1820; x_wconf 88' lang='lat'>&gt;</span> <span class='ocrx_word' id='word_1_100' title='bbox 2279 1716 2499 1828; x_wconf 76' lang='lat' dir='ltr'>fhstu</span> <span class='ocrx_word' id='word_1_101' title='bbox 2553 1720 2795 1822; x_wconf 76' lang='lat' dir='ltr'>elati,</span> <span class='ocrx_word' id='word_1_102' title='bbox 2851 1719 2949 1807; x_wconf 72' lang='lat'>&amp;⁴</span> <span class='ocrx_word' id='word_1_103' title='bbox 3005 1742 3093 1804; x_wconf 71' lang='lat' dir='ltr'>nr</span> <span class='ocrx_word' id='word_1_104' title='bbox 3143 1718 3354 1807; x_wconf 83' lang='lat' dir='ltr'>Plato</span> <span class='ocrx_word' id='word_1_105' title='bbox 3379 1726 3496 1810; x_wconf 78' lang='lat' dir='ltr'>ait</span> 
     </span>
     <span class='ocr_line' id='line_1_13' title="bbox 481 1780 3493 1965; baseline -0.001 -29"><span class='ocrx_word' id='word_1_106' title='bbox 481 1851 717 1965; x_wconf 81' lang='lat' dir='ltr'>stmul</span> <span class='ocrx_word' id='word_1_107' title='bbox 759 1849 1155 1935; x_wconf 68' lang='lat' dir='ltr'>iuventute</span> <span class='ocrx_word' id='word_1_108' title='bbox 1204 1839 1304 1929; x_wconf 68' lang='grc' dir='ltr'>ό·</span> <span class='ocrx_word' id='word_1_109' title='bbox 1360 1841 1656 1952; x_wconf 69' lang='lat' dir='ltr'>{nst-ltin</span> <span class='ocrx_word' id='word_1_110' title='bbox 1702 1839 1974 1924; x_wconf 76' lang='lat' dir='ltr'>am’mls</span> <span class='ocrx_word' id='word_1_111' title='bbox 2026 1841 2515 1951; x_wconf 75' lang='lat' dir='ltr'>bfiammatls</span> <span class='ocrx_word' id='word_1_112' title='bbox 2559 1868 2701 1955; x_wconf 84' lang='lat' dir='ltr'>per</span> <span class='ocrx_word' id='word_1_113' title='bbox 2757 1780 3148 1955; x_wconf 50' lang='lat' dir='ltr'>fasti-viam</span> <span class='ocrx_word' id='word_1_114' title='bbox 3193 1849 3493 1934; x_wconf 82' lang='lat' dir='ltr'>deorum</span> 
     </span>
     <span class='ocr_line' id='line_1_14' title="bbox 394 1967 3484 2090; baseline -0.001 -26"><span class='ocrx_word' id='word_1_115' title='bbox 394 2000 402 2015; x_wconf 83' lang='lat'><strong>·</strong></span> <span class='ocrx_word' id='word_1_116' title='bbox 507 1977 931 2090; x_wconf 65' lang='lat' dir='ltr'>cognomina</span> <span class='ocrx_word' id='word_1_117' title='bbox 981 1990 1416 2085; x_wconf 81' lang='lat' dir='ltr'>acceperunt</span> <span class='ocrx_word' id='word_1_118' title='bbox 1438 2029 1464 2073; x_wconf 85' lang='lat'>‚</span> <span class='ocrx_word' id='word_1_119' title='bbox 1513 1997 1605 2053; x_wconf 81' lang='lat' dir='ltr'>ac</span> <span class='ocrx_word' id='word_1_120' title='bbox 1659 1967 1936 2078; x_wconf 79' lang='lat' dir='ltr'>templa</span> <span class='ocrx_word' id='word_1_121' title='bbox 1957 1968 2121 2077; x_wconf 78' lang='lat' dir='ltr'>sibl</span> <span class='ocrx_word' id='word_1_122' title='bbox 2165 1970 2349 2079; x_wconf 76' lang='lat' dir='ltr'>poni</span> <span class='ocrx_word' id='word_1_123' title='bbox 2404 1973 2865 2057; x_wconf 80' lang='lat' dir='ltr'>voluerunt.</span> <span class='ocrx_word' id='word_1_124' title='bbox 2946 2002 3192 2058; x_wconf 78' lang='lat' dir='ltr'>eorum</span> <span class='ocrx_word' id='word_1_125' title='bbox 3237 1977 3484 2087; x_wconf 72' lang='lat' dir='ltr'>gloria</span> 
     </span>
     <span class='ocr_line' id='line_1_15' title="bbox 505 2093 3492 2216; baseline 0 -29"><span class='ocrx_word' id='word_1_126' title='bbox 505 2105 733 2190; x_wconf 67' lang='lat' dir='ltr'>brevi</span> <span class='ocrx_word' id='word_1_127' title='bbox 762 2102 1034 2212; x_wconf 73' lang='lat' dir='ltr'>flor-mr</span> <span class='ocrx_word' id='word_1_128' title='bbox 1099 2120 1471 2210; x_wconf 82' lang='lat' dir='ltr'>tempore.</span> <span class='ocrx_word' id='word_1_129' title='bbox 1542 2094 1834 2177; x_wconf 76' lang='lat' dir='ltr'>Deinde</span> <span class='ocrx_word' id='word_1_130' title='bbox 1908 2114 2217 2202; x_wconf 78' lang='lat' dir='ltr'>praeter</span> <span class='ocrx_word' id='word_1_131' title='bbox 2296 2099 2729 2182; x_wconf 73' lang='lat' dir='ltr'>vanitatem</span> <span class='ocrx_word' id='word_1_132' title='bbox 2808 2093 2911 2184; x_wconf 60' lang='grc' dir='ltr'><em>ὰ</em></span> <span class='ocrx_word' id='word_1_133' title='bbox 2975 2102 3492 2216; x_wconf 67' lang='lat' dir='ltr'>arrogantiam</span> 
     </span>
     <span class='ocr_line' id='line_1_16' title="bbox 504 2219 2615 2343; baseline -0.007 -23"><span class='ocrx_word' id='word_1_134' title='bbox 504 2230 911 2343; x_wconf 65' lang='lat' dir='ltr'>impietatis</span> <span class='ocrx_word' id='word_1_135' title='bbox 972 2228 1203 2312; x_wconf 75' lang='lat' dir='ltr'>etlam</span> <span class='ocrx_word' id='word_1_136' title='bbox 1251 2248 1343 2310; x_wconf 81' lang='lat' dir='ltr'>ac</span> <span class='ocrx_word' id='word_1_137' title='bbox 1392 2219 1792 2328; x_wconf 66' lang='lat' dir='ltr'>inltstltr&#39;ae</span> <span class='ocrx_word' id='word_1_138' title='bbox 1850 2221 2141 2327; x_wconf 82' lang='lat' dir='ltr'>culpam</span> <span class='ocrx_word' id='word_1_139' title='bbox 2167 2219 2615 2328; x_wconf 70' lang='lat' dir='ltr'>ststt&#39;nentes</span> 
     </span>
    </p>

    <p class='ocr_par' dir='ltr' id='par_1_4' title="bbox 852 2342 2926 2594">
     <span class='ocr_line' id='line_1_17' title="bbox 1009 2342 2926 2440; baseline -0.002 0"><span class='ocrx_word' id='word_1_140' title='bbox 1009 2354 1626 2440; x_wconf 83' lang='lat' dir='ltr'>Evolitaverunt</span> <span class='ocrx_word' id='word_1_141' title='bbox 1677 2371 1963 2433; x_wconf 85' lang='lat' dir='ltr'>tenues</span> <span class='ocrx_word' id='word_1_142' title='bbox 2020 2371 2178 2434; x_wconf 85' lang='lat' dir='ltr'>ceu</span> <span class='ocrx_word' id='word_1_143' title='bbox 2235 2342 2578 2437; x_wconf 81' lang='lat' dir='ltr'>fumus</span> <span class='ocrx_word' id='word_1_144' title='bbox 2554 2375 2636 2435; x_wconf 86' lang='grc' dir='ltr'>ιιι</span> <span class='ocrx_word' id='word_1_145' title='bbox 2696 2377 2926 2436; x_wconf 89' lang='lat' dir='ltr'>auras</span> 
     </span>
     <span class='ocr_line' id='line_1_18' title="bbox 852 2470 2208 2594; baseline -0.011 -25"><span class='ocrx_word' id='word_1_146' title='bbox 852 2565 861 2569; x_wconf 71' lang='grc'>,</span> <span class='ocrx_word' id='word_1_147' title='bbox 1005 2470 1401 2594; x_wconf 85' lang='lat' dir='ltr'>Praepete</span> <span class='ocrx_word' id='word_1_148' title='bbox 1456 2471 1795 2590; x_wconf 86' lang='lat' dir='ltr'>surrepti</span> <span class='ocrx_word' id='word_1_149' title='bbox 1847 2470 2074 2559; x_wconf 86' lang='lat' dir='ltr'>fato.</span> <span class='ocrx_word' id='word_1_150' title='bbox 2207 2564 2208 2567; x_wconf 4' lang='grc' dir='ltr'><strong><em>Ν</em></strong></span> 
     </span>
    </p>

    <p class='ocr_par' dir='ltr' id='par_1_5' title="bbox 484 2602 3518 2847">
     <span class='ocr_line' id='line_1_19' title="bbox 498 2602 3518 2723; baseline -0.004 -25"><span class='ocrx_word' id='word_1_151' title='bbox 498 2617 604 2698; x_wconf 76' lang='lat' dir='ltr'>Et</span> <span class='ocrx_word' id='word_1_152' title='bbox 655 2641 846 2697; x_wconf 86' lang='lat' dir='ltr'>nunc</span> <span class='ocrx_word' id='word_1_153' title='bbox 904 2636 1297 2723; x_wconf 84' lang='lat' dir='ltr'>tamquam</span> <span class='ocrx_word' id='word_1_154' title='bbox 1323 2602 1674 2719; x_wconf 68' lang='lat' dir='ltr'>fiagltlvr&#39;</span> <span class='ocrx_word' id='word_1_155' title='bbox 1689 2602 2007 2713; x_wconf 64' lang='lat' dir='ltr'>servi,</span> <span class='ocrx_word' id='word_1_156' title='bbox 2060 2602 2141 2686; x_wconf 81' lang='lat' dir='ltr'>1&#39;n</span> <span class='ocrx_word' id='word_1_157' title='bbox 2200 2631 2377 2716; x_wconf 86' lang='lat' dir='ltr'>quos</span> <span class='ocrx_word' id='word_1_158' title='bbox 2439 2602 2555 2690; x_wconf 66' lang='lat' dir='ltr'>ius</span> <span class='ocrx_word' id='word_1_159' title='bbox 2616 2602 3037 2691; x_wconf 74' lang='lat' dir='ltr'>abducendi</span> <span class='ocrx_word' id='word_1_160' title='bbox 3090 2605 3191 2713; x_wconf 87' lang='lat' dir='ltr'>est</span> <span class='ocrx_word' id='word_1_161' title='bbox 3249 2610 3484 2694; x_wconf 62' lang='lat' dir='ltr'>domf-</span> <span class='ocrx_word' id='word_1_162' title='bbox 3501 2682 3518 2687; x_wconf 23' lang='grc' dir='ltr'>ι</span> 
     </span>
     <span class='ocr_line' id='line_1_20' title="bbox 484 2724 3487 2847; baseline -0.002 -23"><span class='ocrx_word' id='word_1_163' title='bbox 484 2740 615 2824; x_wconf 74' lang='lat' dir='ltr'>m&#39;s</span> <span class='ocrx_word' id='word_1_164' title='bbox 672 2798 698 2835; x_wconf 92' lang='lat'>,</span> <span class='ocrx_word' id='word_1_165' title='bbox 757 2740 1014 2847; x_wconf 79' lang='lat' dir='ltr'>avulst</span> <span class='ocrx_word' id='word_1_166' title='bbox 1058 2767 1109 2819; x_wconf 84' lang='lat' dir='ltr'>a</span> <span class='ocrx_word' id='word_1_167' title='bbox 1170 2735 1464 2843; x_wconf 70' lang='lat' dir='ltr'>templis</span> <span class='ocrx_word' id='word_1_168' title='bbox 1516 2724 1616 2814; x_wconf 57' lang='grc' dir='ltr'>ό</span> <span class='ocrx_word' id='word_1_169' title='bbox 1670 2730 1881 2829; x_wconf 70' lang='grc' dir='ltr'>ανίι,</span> <span class='ocrx_word' id='word_1_170' title='bbox 1936 2728 2127 2813; x_wconf 76' lang='lat' dir='ltr'>nihil</span> <span class='ocrx_word' id='word_1_171' title='bbox 2163 2750 2472 2840; x_wconf 80' lang='lat' dir='ltr'>praeter</span> <span class='ocrx_word' id='word_1_172' title='bbox 2500 2753 3030 2832; x_wconf 80' lang='lat' dir='ltr'>monumenta,</span> <span class='ocrx_word' id='word_1_173' title='bbox 3099 2728 3198 2816; x_wconf 74' lang='lat'>&amp;¹</span> <span class='ocrx_word' id='word_1_174' title='bbox 3232 2736 3487 2845; x_wconf 84' lang='lat' dir='ltr'>sepul·</span> 
     </span>
    </p>
   </div>
   <div class='ocr_carea' id='block_1_3' title="bbox 435 2793 3480 4900">
    <p class='ocr_par' dir='ltr' id='par_1_6' title="bbox 435 2793 3480 4868">
     <span class='ocr_line' id='line_1_21' title="bbox 502 2793 3480 2977; baseline -0 -30"><span class='ocrx_word' id='word_1_175' title='bbox 502 2885 634 2948; x_wconf 75' lang='lat' dir='ltr'>cra</span> <span class='ocrx_word' id='word_1_176' title='bbox 689 2862 1011 2947; x_wconf 78' lang='lat' dir='ltr'>habent.</span> <span class='ocrx_word' id='word_1_177' title='bbox 1064 2858 1548 2945; x_wconf 86' lang='lat' dir='ltr'>Plutarchus</span> <span class='ocrx_word' id='word_1_178' title='bbox 1605 2855 1711 2943; x_wconf 88' lang='lat' dir='ltr'>de</span> <span class='ocrx_word' id='word_1_179' title='bbox 1764 2852 1854 2940; x_wconf 85' lang='lat' dir='ltr'>Is</span> <span class='ocrx_word' id='word_1_180' title='bbox 1859 2855 1960 2942; x_wconf 89' lang='lat' dir='ltr'>de</span> <span class='ocrx_word' id='word_1_181' title='bbox 2007 2880 2194 2968; x_wconf 82' lang='lat' dir='ltr'>pag.</span> <span class='ocrx_word' id='word_1_182' title='bbox 2244 2884 2455 2964; x_wconf 82' lang='lat'>35²·</span> <span class='ocrx_word' id='word_1_183' title='bbox 2545 2863 2822 2975; x_wconf 80' lang='lat' dir='ltr'>Quare</span> <span class='ocrx_word' id='word_1_184' title='bbox 2889 2793 3110 2943; x_wconf 82' lang='lat' dir='ltr'>stoici</span> <span class='ocrx_word' id='word_1_185' title='bbox 3173 2858 3480 2977; x_wconf 84' lang='lat' dir='ltr'>aliique</span> 
     </span>
     <span class='ocr_line' id='line_1_22' title="bbox 497 2979 3478 3104; baseline -0.001 -33"><span class='ocrx_word' id='word_1_186' title='bbox 497 2983 960 3104; x_wconf 84' lang='lat' dir='ltr'>philosophi</span> <span class='ocrx_word' id='word_1_187' title='bbox 1017 2986 1260 3086; x_wconf 86' lang='lat' dir='ltr'>astra,</span> <span class='ocrx_word' id='word_1_188' title='bbox 1325 3007 1659 3069; x_wconf 87' lang='lat' dir='ltr'>naturae</span> <span class='ocrx_word' id='word_1_189' title='bbox 1714 2983 1969 3067; x_wconf 87' lang='lat' dir='ltr'>varias</span> <span class='ocrx_word' id='word_1_190' title='bbox 2024 3007 2380 3095; x_wconf 83' lang='lat' dir='ltr'>partes,</span> <span class='ocrx_word' id='word_1_191' title='bbox 2435 3007 2771 3068; x_wconf 84' lang='lat' dir='ltr'>naturae</span> <span class='ocrx_word' id='word_1_192' title='bbox 2848 2979 3478 3096; x_wconf 58' lang='lat' dir='ltr'>phoenomenaa</span> 
     </span>
     <span class='ocr_line' id='line_1_23' title="bbox 490 3038 3475 3213; baseline -0 -11.999"><span class='ocrx_word' id='word_1_193' title='bbox 490 3114 701 3201; x_wconf 82' lang='lat' dir='ltr'>deos</span> <span class='ocrx_word' id='word_1_194' title='bbox 764 3108 914 3198; x_wconf 84' lang='lat' dir='ltr'>esse</span> <span class='ocrx_word' id='word_1_195' title='bbox 970 3111 1443 3211; x_wconf 84' lang='lat' dir='ltr'>docebant,</span> <span class='ocrx_word' id='word_1_196' title='bbox 1485 3112 1564 3190; x_wconf 74' lang='grc' dir='ltr'>δε</span> <span class='ocrx_word' id='word_1_197' title='bbox 1624 3109 1845 3191; x_wconf 87' lang='lat' dir='ltr'>inter</span> <span class='ocrx_word' id='word_1_198' title='bbox 1901 3101 2053 3192; x_wconf 85' lang='lat' dir='ltr'>hos</span> <span class='ocrx_word' id='word_1_199' title='bbox 2109 3038 2469 3206; x_wconf 66' lang='lat' dir='ltr'>Thale&#39;s,</span> <span class='ocrx_word' id='word_1_200' title='bbox 2516 3108 3187 3213; x_wconf 81' lang='lat' dir='ltr'>Anaximander,</span> <span class='ocrx_word' id='word_1_201' title='bbox 3248 3110 3475 3199; x_wconf 85' lang='lat' dir='ltr'>Ana-</span> 
     </span>
     <span class='ocr_line' id='line_1_24' title="bbox 494 3231 3480 3354; baseline -0.001 -27"><span class='ocrx_word' id='word_1_202' title='bbox 494 3243 922 3354; x_wconf 79' lang='lat' dir='ltr'>ximanes‚</span> <span class='ocrx_word' id='word_1_203' title='bbox 986 3236 1542 3335; x_wconf 71' lang='lat' dir='ltr'>CrotoniateS,</span> <span class='ocrx_word' id='word_1_204' title='bbox 1574 3233 2090 3318; x_wconf 82' lang='lat' dir='ltr'>Parmenides</span> <span class='ocrx_word' id='word_1_205' title='bbox 2122 3231 2660 3346; x_wconf 88' lang='lat' dir='ltr'>,Diogencs,</span> <span class='ocrx_word' id='word_1_206' title='bbox 2693 3239 3242 3340; x_wconf 83' lang='lat' dir='ltr'>Xenocrates,</span> <span class='ocrx_word' id='word_1_207' title='bbox 3306 3243 3480 3323; x_wconf 91' lang='lat' dir='ltr'>He-</span> 
     </span>
     <span class='ocr_line' id='line_1_25' title="bbox 453 3358 3473 3480; baseline -0.001 -26"><span class='ocrx_word' id='word_1_208' title='bbox 453 3365 887 3478; x_wconf 65' lang='lat' dir='ltr'>sraelides,</span> <span class='ocrx_word' id='word_1_209' title='bbox 954 3358 1554 3480; x_wconf 84' lang='lat' dir='ltr'>Theophrastus</span> <span class='ocrx_word' id='word_1_210' title='bbox 1588 3420 1613 3461; x_wconf 94' lang='lat'>,</span> <span class='ocrx_word' id='word_1_211' title='bbox 1673 3360 1952 3451; x_wconf 89' lang='lat' dir='ltr'>Zeno.</span> <span class='ocrx_word' id='word_1_212' title='bbox 2015 3359 2227 3446; x_wconf 91' lang='lat' dir='ltr'>Vide</span> <span class='ocrx_word' id='word_1_213' title='bbox 2280 3362 2557 3445; x_wconf 89' lang='lat' dir='ltr'>Cicer.</span> <span class='ocrx_word' id='word_1_214' title='bbox 2619 3362 2755 3445; x_wconf 84' lang='lat' dir='ltr'>lib.</span> <span class='ocrx_word' id='word_1_215' title='bbox 2802 3392 2873 3450; x_wconf 85' lang='lat'>1.</span> <span class='ocrx_word' id='word_1_216' title='bbox 2931 3364 3025 3445; x_wconf 80' lang='lat' dir='ltr'>de</span> <span class='ocrx_word' id='word_1_217' title='bbox 3083 3386 3243 3447; x_wconf 82' lang='lat' dir='ltr'>nat.</span> <span class='ocrx_word' id='word_1_218' title='bbox 3276 3369 3473 3451; x_wconf 75' lang='lat' dir='ltr'>deor.</span> 
     </span>
     <span class='ocr_line' id='line_1_26' title="bbox 481 3484 3471 3606; baseline -0.001 -29"><span class='ocrx_word' id='word_1_219' title='bbox 481 3519 671 3606; x_wconf 84' lang='lat' dir='ltr'>pag.</span> <span class='ocrx_word' id='word_1_220' title='bbox 723 3522 922 3603; x_wconf 87' lang='lat'>199.</span> <span class='ocrx_word' id='word_1_221' title='bbox 983 3519 1184 3582; x_wconf 73' lang='lat'>200.</span> <span class='ocrx_word' id='word_1_222' title='bbox 1254 3516 1454 3575; x_wconf 82' lang='lat'>201.</span> <span class='ocrx_word' id='word_1_223' title='bbox 1518 3485 1724 3572; x_wconf 85' lang='lat' dir='ltr'>Mihi</span> <span class='ocrx_word' id='word_1_224' title='bbox 1786 3484 2339 3600; x_wconf 82' lang='lat' dir='ltr'>permolestam</span> <span class='ocrx_word' id='word_1_225' title='bbox 2387 3545 2413 3587; x_wconf 91' lang='lat'>,</span> <span class='ocrx_word' id='word_1_226' title='bbox 2473 3484 2788 3573; x_wconf 87' lang='lat' dir='ltr'>censori</span> <span class='ocrx_word' id='word_1_227' title='bbox 2854 3487 3025 3576; x_wconf 87' lang='lat' dir='ltr'>viro</span> <span class='ocrx_word' id='word_1_228' title='bbox 3104 3492 3471 3606; x_wconf 85' lang='lat' dir='ltr'>alioquin</span> 
     </span>
     <span class='ocr_line' id='line_1_27' title="bbox 491 3609 3475 3730; baseline -0.002 -23"><span class='ocrx_word' id='word_1_229' title='bbox 491 3615 934 3707; x_wconf 62' lang='lat' dir='ltr'>dodliffimo</span> <span class='ocrx_word' id='word_1_230' title='bbox 989 3622 1382 3730; x_wconf 85' lang='lat' dir='ltr'>ingratam</span> <span class='ocrx_word' id='word_1_231' title='bbox 1417 3674 1442 3716; x_wconf 93' lang='lat'>,</span> <span class='ocrx_word' id='word_1_232' title='bbox 1503 3613 1781 3697; x_wconf 69' lang='lat' dir='ltr'>lectori</span> <span class='ocrx_word' id='word_1_233' title='bbox 1837 3609 2153 3699; x_wconf 84' lang='lat' dir='ltr'>fastidio</span> <span class='ocrx_word' id='word_1_234' title='bbox 2217 3613 2547 3727; x_wconf 83' lang='lat' dir='ltr'>plenam</span> <span class='ocrx_word' id='word_1_235' title='bbox 2612 3642 2788 3701; x_wconf 85' lang='lat' dir='ltr'>rem</span> <span class='ocrx_word' id='word_1_236' title='bbox 2848 3616 2984 3726; x_wconf 87' lang='lat' dir='ltr'>egi</span> <span class='ocrx_word' id='word_1_237' title='bbox 3070 3637 3235 3701; x_wconf 88' lang='lat' dir='ltr'>tam</span> <span class='ocrx_word' id='word_1_238' title='bbox 3292 3617 3475 3703; x_wconf 87' lang='lat' dir='ltr'>lon-</span> 
     </span>
     <span class='ocr_line' id='line_1_28' title="bbox 435 3735 3478 3856; baseline 0.001 -29"><span class='ocrx_word' id='word_1_239' title='bbox 435 3797 439 3804; x_wconf 88' lang='lat'>·</span> <span class='ocrx_word' id='word_1_240' title='bbox 494 3772 605 3856; x_wconf 90' lang='lat' dir='ltr'>ge</span> <span class='ocrx_word' id='word_1_241' title='bbox 662 3744 1172 3831; x_wconf 86' lang='lat' dir='ltr'>excurrendo</span> <span class='ocrx_word' id='word_1_242' title='bbox 1219 3804 1244 3844; x_wconf 90' lang='lat'>,</span> <span class='ocrx_word' id='word_1_243' title='bbox 1305 3738 1443 3827; x_wconf 89' lang='lat' dir='ltr'>scd</span> <span class='ocrx_word' id='word_1_244' title='bbox 1501 3737 2020 3825; x_wconf 71' lang='lat' dir='ltr'>necessarium</span> <span class='ocrx_word' id='word_1_245' title='bbox 2091 3762 2326 3840; x_wconf 90' lang='lat' dir='ltr'>crat,</span> <span class='ocrx_word' id='word_1_246' title='bbox 2395 3764 2499 3822; x_wconf 89' lang='lat' dir='ltr'>ne</span> <span class='ocrx_word' id='word_1_247' title='bbox 2559 3735 2845 3826; x_wconf 86' lang='lat' dir='ltr'>censor</span> <span class='ocrx_word' id='word_1_248' title='bbox 2908 3741 3146 3825; x_wconf 84' lang='lat' dir='ltr'>nobis</span> <span class='ocrx_word' id='word_1_249' title='bbox 3213 3748 3298 3827; x_wconf 87' lang='lat' dir='ltr'>in</span> <span class='ocrx_word' id='word_1_250' title='bbox 3362 3738 3478 3831; x_wconf 58' lang='lat' dir='ltr'>sea</span> 
     </span>
     <span class='ocr_line' id='line_1_29' title="bbox 498 3864 3471 3986; baseline -0.001 -35"><span class='ocrx_word' id='word_1_251' title='bbox 498 3872 943 3983; x_wconf 85' lang='lat' dir='ltr'>quentibus</span> <span class='ocrx_word' id='word_1_252' title='bbox 999 3867 1282 3956; x_wconf 88' lang='lat' dir='ltr'>fucum</span> <span class='ocrx_word' id='word_1_253' title='bbox 1349 3864 1620 3953; x_wconf 88' lang='lat' dir='ltr'>facere</span> <span class='ocrx_word' id='word_1_254' title='bbox 1684 3892 1780 3953; x_wconf 90' lang='lat' dir='ltr'>ac</span> <span class='ocrx_word' id='word_1_255' title='bbox 1844 3865 2157 3950; x_wconf 76' lang='lat' dir='ltr'>Indicas</span> <span class='ocrx_word' id='word_1_256' title='bbox 2227 3891 2354 3949; x_wconf 90' lang='lat' dir='ltr'>res</span> <span class='ocrx_word' id='word_1_257' title='bbox 2407 3864 2684 3952; x_wconf 90' lang='lat' dir='ltr'>denuo</span> <span class='ocrx_word' id='word_1_258' title='bbox 2750 3871 3135 3953; x_wconf 88' lang='lat' dir='ltr'>intricare</span> <span class='ocrx_word' id='word_1_259' title='bbox 3195 3867 3471 3986; x_wconf 84' lang='lat' dir='ltr'>poffit.</span> 
     </span>
     <span class='ocr_line' id='line_1_30' title="bbox 756 3990 3471 4110; baseline 0.001 -34"><span class='ocrx_word' id='word_1_260' title='bbox 756 3993 1110 4081; x_wconf 73' lang='lat' dir='ltr'>Discussa</span> <span class='ocrx_word' id='word_1_261' title='bbox 1163 3999 1322 4080; x_wconf 88' lang='lat' dir='ltr'>iam</span> <span class='ocrx_word' id='word_1_262' title='bbox 1374 3993 1846 4079; x_wconf 86' lang='lat' dir='ltr'>Indicorum</span> <span class='ocrx_word' id='word_1_263' title='bbox 1895 3990 2240 4078; x_wconf 87' lang='lat' dir='ltr'>deorum</span> <span class='ocrx_word' id='word_1_264' title='bbox 2301 3994 2621 4104; x_wconf 86' lang='lat' dir='ltr'>origine</span> <span class='ocrx_word' id='word_1_265' title='bbox 2657 4055 2682 4094; x_wconf 92' lang='lat'>,</span> <span class='ocrx_word' id='word_1_266' title='bbox 2747 3993 3174 4080; x_wconf 76' lang='lat' dir='ltr'>involucro</span> <span class='ocrx_word' id='word_1_267' title='bbox 3240 4025 3471 4110; x_wconf 84' lang='lat' dir='ltr'>aper·</span> 
     </span>
     <span class='ocr_line' id='line_1_31' title="bbox 497 4115 3467 4235; baseline -0 -27"><span class='ocrx_word' id='word_1_268' title='bbox 497 4145 592 4208; x_wconf 89' lang='lat' dir='ltr'>ro</span> <span class='ocrx_word' id='word_1_269' title='bbox 625 4181 652 4222; x_wconf 87' lang='lat'>,</span> <span class='ocrx_word' id='word_1_270' title='bbox 715 4121 1120 4233; x_wconf 86' lang='lat' dir='ltr'>allegoriis</span> <span class='ocrx_word' id='word_1_271' title='bbox 1174 4122 1519 4207; x_wconf 58' lang='lat' dir='ltr'>detectis</span> <span class='ocrx_word' id='word_1_272' title='bbox 1576 4180 1603 4222; x_wconf 93' lang='lat'>,</span> <span class='ocrx_word' id='word_1_273' title='bbox 1688 4122 1845 4203; x_wconf 88' lang='lat' dir='ltr'>iam</span> <span class='ocrx_word' id='word_1_274' title='bbox 1900 4115 2157 4206; x_wconf 87' lang='lat' dir='ltr'>facilis</span> <span class='ocrx_word' id='word_1_275' title='bbox 2223 4119 2322 4204; x_wconf 83' lang='lat' dir='ltr'>ad</span> <span class='ocrx_word' id='word_1_276' title='bbox 2365 4116 2967 4214; x_wconf 79' lang='lat' dir='ltr'>&#39;illustrandum</span> <span class='ocrx_word' id='word_1_277' title='bbox 3029 4121 3467 4235; x_wconf 86' lang='lat' dir='ltr'>Talapoini</span> 
     </span>
     <span class='ocr_line' id='line_1_32' title="bbox 483 4241 3469 4362; baseline -0.001 -25"><span class='ocrx_word' id='word_1_278' title='bbox 483 4244 826 4337; x_wconf 80' lang='lat' dir='ltr'>Avenfis</span> <span class='ocrx_word' id='word_1_279' title='bbox 881 4248 1151 4332; x_wconf 87' lang='lat' dir='ltr'>locum</span> <span class='ocrx_word' id='word_1_280' title='bbox 1217 4242 1858 4335; x_wconf 80' lang='lat' dir='ltr'>daturaccessus</span> <span class='ocrx_word' id='word_1_281' title='bbox 1894 4307 1915 4329; x_wconf 92' lang='lat'>.</span> <span class='ocrx_word' id='word_1_282' title='bbox 1985 4248 2208 4332; x_wconf 90' lang='lat' dir='ltr'>Dum</span> <span class='ocrx_word' id='word_1_283' title='bbox 2258 4251 2322 4331; x_wconf 85' lang='lat' dir='ltr'>is</span> <span class='ocrx_word' id='word_1_284' title='bbox 2380 4241 2783 4333; x_wconf 68' lang='lat' dir='ltr'>Avensem</span> <span class='ocrx_word' id='word_1_285' title='bbox 2838 4241 3144 4331; x_wconf 78' lang='lat' dir='ltr'>sacram&#39;</span> <span class='ocrx_word' id='word_1_286' title='bbox 3196 4248 3469 4362; x_wconf 88' lang='lat' dir='ltr'>legem</span> 
     </span>
     <span class='ocr_line' id='line_1_33' title="bbox 489 4368 3468 4488; baseline -0 -27"><span class='ocrx_word' id='word_1_287' title='bbox 489 4401 541 4461; x_wconf 90' lang='lat' dir='ltr'>a</span> <span class='ocrx_word' id='word_1_288' title='bbox 604 4373 982 4461; x_wconf 86' lang='lat' dir='ltr'>Godama</span> <span class='ocrx_word' id='word_1_289' title='bbox 1046 4372 1361 4458; x_wconf 89' lang='lat' dir='ltr'>allatam</span> <span class='ocrx_word' id='word_1_290' title='bbox 1420 4401 1526 4460; x_wconf 92' lang='lat' dir='ltr'>·ac</span> <span class='ocrx_word' id='word_1_291' title='bbox 1590 4373 2133 4488; x_wconf 69' lang='lat' dir='ltr'>praedicatam</span> <span class='ocrx_word' id='word_1_292' title='bbox 2173 4369 2728 4475; x_wconf 29' lang='lat' dir='ltr'>fuiffefdocct,</span> <span class='ocrx_word' id='word_1_293' title='bbox 2792 4396 3020 4456; x_wconf 87' lang='lat' dir='ltr'>mens</span> <span class='ocrx_word' id='word_1_294' title='bbox 3057 4368 3222 4473; x_wconf 90' lang='lat' dir='ltr'>est,</span> <span class='ocrx_word' id='word_1_295' title='bbox 3287 4376 3468 4460; x_wconf 90' lang='lat' dir='ltr'>Go-</span> 
     </span>
     <span class='ocr_line' id='line_1_34' title="bbox 489 4497 3461 4618; baseline 0.001 -33"><span class='ocrx_word' id='word_1_296' title='bbox 489 4501 805 4618; x_wconf 82' lang='lat' dir='ltr'>damam</span> <span class='ocrx_word' id='word_1_297' title='bbox 845 4501 1173 4616; x_wconf 89' lang='lat' dir='ltr'>genium</span> <span class='ocrx_word' id='word_1_298' title='bbox 1207 4500 1345 4601; x_wconf 89' lang='lat' dir='ltr'>,id</span> <span class='ocrx_word' id='word_1_299' title='bbox 1399 4500 1508 4587; x_wconf 88' lang='lat' dir='ltr'>cst</span> <span class='ocrx_word' id='word_1_300' title='bbox 1538 4558 1568 4604; x_wconf 88' lang='lat'>,</span> <span class='ocrx_word' id='word_1_301' title='bbox 1611 4502 2108 4600; x_wconf 84' lang='lat' dir='ltr'>Mercurium</span> <span class='ocrx_word' id='word_1_302' title='bbox 2144 4561 2173 4599; x_wconf 96' lang='lat'>,</span> <span class='ocrx_word' id='word_1_303' title='bbox 2239 4503 2482 4617; x_wconf 82' lang='lat' dir='ltr'>qui,</span> <span class='ocrx_word' id='word_1_304' title='bbox 2528 4522 2616 4582; x_wconf 90' lang='lat' dir='ltr'>ut</span> <span class='ocrx_word' id='word_1_305' title='bbox 2667 4497 2962 4614; x_wconf 84' lang='lat' dir='ltr'>reliqui</span> <span class='ocrx_word' id='word_1_306' title='bbox 3038 4499 3461 4614; x_wconf 87' lang='lat' dir='ltr'>planetae,</span> 
     </span>
     <span class='ocr_line' id='line_1_35' title="bbox 495 4624 3463 4742; baseline 0.001 -30"><span class='ocrx_word' id='word_1_307' title='bbox 495 4627 865 4739; x_wconf 83' lang='lat' dir='ltr'>magister</span> <span class='ocrx_word' id='word_1_308' title='bbox 918 4625 1026 4718; x_wconf 87' lang='lat' dir='ltr'>est</span> <span class='ocrx_word' id='word_1_309' title='bbox 1080 4653 1174 4713; x_wconf 89' lang='lat' dir='ltr'>ac</span> <span class='ocrx_word' id='word_1_310' title='bbox 1229 4624 1570 4728; x_wconf 65' lang='lat' dir='ltr'>doctor,</span> <span class='ocrx_word' id='word_1_311' title='bbox 1636 4651 2069 4742; x_wconf 83' lang='lat' dir='ltr'>praecepta</span> <span class='ocrx_word' id='word_1_312' title='bbox 2154 4625 2571 4736; x_wconf 87' lang='lat' dir='ltr'>religionis</span> <span class='ocrx_word' id='word_1_313' title='bbox 2655 4625 3293 4738; x_wconf 75' lang='lat' dir='ltr'>&#39;Falapoinorum</span> <span class='ocrx_word' id='word_1_314' title='bbox 3370 4633 3463 4718; x_wconf 86' lang='lat' dir='ltr'>in</span> 
     </span>
     <span class='ocr_line' id='line_1_36' title="bbox 497 4746 3459 4900; baseline 0.001 -63"><span class='ocrx_word' id='word_1_315' title='bbox 497 4755 808 4839; x_wconf 82' lang='lat' dir='ltr'>Indiam</span> <span class='ocrx_word' id='word_1_316' title='bbox 875 4783 969 4843; x_wconf 89' lang='lat' dir='ltr'>ac</span> <span class='ocrx_word' id='word_1_317' title='bbox 1028 4755 1221 4843; x_wconf 88' lang='lat' dir='ltr'>inde</span> <span class='ocrx_word' id='word_1_318' title='bbox 1275 4754 1354 4836; x_wconf 89' lang='lat' dir='ltr'>in</span> <span class='ocrx_word' id='word_1_319' title='bbox 1423 4749 1596 4838; x_wconf 83' lang='lat' dir='ltr'>Ava</span> <span class='ocrx_word' id='word_1_320' title='bbox 1645 4759 1720 4836; x_wconf 77' lang='grc' dir='ltr'>δι</span> <span class='ocrx_word' id='word_1_321' title='bbox 1777 4759 2002 4868; x_wconf 90' lang='lat' dir='ltr'>Pegu</span> <span class='ocrx_word' id='word_1_322' title='bbox 2069 4746 2476 4853; x_wconf 70' lang='lat' dir='ltr'>attulisse,</span> <span class='ocrx_word' id='word_1_323' title='bbox 2541 4779 2631 4838; x_wconf 92' lang='lat' dir='ltr'>ac</span> <span class='ocrx_word' id='word_1_324' title='bbox 2674 4748 2975 4837; x_wconf 87' lang='lat' dir='ltr'>ibidem</span> <span class='ocrx_word' id='word_1_325' title='bbox 3007 4751 3459 4900; x_wconf 81' lang='lat' dir='ltr'>evulgasse.</span> 
     </span>
    </p>
   </div>
   <div class='ocr_carea' id='block_1_4' title="bbox 486 4875 3499 5104">
    <p class='ocr_par' dir='ltr' id='par_1_7' title="bbox 486 4875 3499 5095">
     <span class='ocr_line' id='line_1_37' title="bbox 486 4875 3499 5088; baseline -0.002 -120"><span class='ocrx_word' id='word_1_326' title='bbox 486 4884 681 4976; x_wconf 85' lang='lat' dir='ltr'>Hoc</span> <span class='ocrx_word' id='word_1_327' title='bbox 739 4881 842 5016; x_wconf 85' lang='lat' dir='ltr'>de</span> <span class='ocrx_word' id='word_1_328' title='bbox 884 4878 1030 4972; x_wconf 85' lang='lat' dir='ltr'>suo</span> <span class='ocrx_word' id='word_1_329' title='bbox 1094 4882 1511 5013; x_wconf 78' lang='lat' dir='ltr'>Mercurio</span> <span class='ocrx_word' id='word_1_330' title='bbox 1565 4878 1981 4973; x_wconf 82' lang='lat' dir='ltr'>credidere</span> <span class='ocrx_word' id='word_1_331' title='bbox 2033 4875 2584 5050; x_wconf 83' lang='lat' dir='ltr'>Phoenices,</span> <span class='ocrx_word' id='word_1_332' title='bbox 2644 4882 3133 5003; x_wconf 85' lang='lat' dir='ltr'>Aegyptii,</span> <span class='ocrx_word' id='word_1_333' title='bbox 3106 4882 3370 5088; x_wconf 45' lang='lat' dir='ltr'>,lnrssi</span> <span class='ocrx_word' id='word_1_334' title='bbox 3431 4937 3499 5000; x_wconf 71' lang='lat'>,-</span> 
     </span>
     <span class='ocr_line' id='line_1_38' title="bbox 780 5030 3461 5104; baseline 0.01 -36"><span class='ocrx_word' id='word_1_335' title='bbox 780 5053 791 5068; x_wconf 75' lang='grc'>,</span> <span class='ocrx_word' id='word_1_336' title='bbox 3345 5030 3461 5104; x_wconf 80' lang='lat' dir='ltr'>ar·</span> 
     </span>
    </p>
   </div>
  </div>
 </body>
</html>
