4299 5782
544 466 810 558 cunda
864 467 1319 557 incarnatio
1362 467 1495 555 dei
1555 457 1879 580 Vty'bnu.
1933 454 2154 557 Tota
2201 495 2394 557 vero
2443 467 2648 553 haec
2698 465 3021 567 moles,
3073 469 3155 555 id
3233 467 3338 552 est
3361 365 3534 551 ²tgr-5-

545 624 691 696 ra,
748 626 980 682 mons
1039 604 1314 695 Met-u,
1360 601 1438 680 δι
1493 595 1891 711 paradisus
1956 625 2057 682 ex
2126 602 2373 694 mari,
2435 624 2539 679 ex
2599 622 2858 711 aqua,
2916 590 3051 678 seu
3107 624 3207 694 ex
3269 592 3535 676 humi-

546 722 660 806 do
724 718 1103 833 assurgit
1136 724 1360 836 Magi
1418 723 1673 808 Indici
1721 725 2088 808 indicate
2133 725 2472 820 volunt,
2530 748 2821 805 terram
2898 745 3319 836 totamque
3360 744 3532 801 mo·

543 846 711 933 lem
773 846 1089 932 visibilis
1162 847 1405 933 huius
1480 851 1768 932 Mundi
1807 878 1906 934 ex
1965 878 2170 962 aqua
2228 871 2732 964 procreatam
2789 843 3087 930 fuisse.
3149 847 3356 931 Vide
3409 837 3537 925 su-

552 996 698 1086 pra
761 998 938 1086 pag.
921 1002 1156 1058 ..200
1209 972 1533 1060 initium
1574 974 2112 1059 illustrationis
2169 976 2407 1122 primi
2472 969 2741 1056 sacelli
2779 974 3041 1056 Indici
3102 971 3533 1084 Borgiani.

556 1101 1040 1212 Quocirco,
1103 1100 1215 1181 illi
1285 1095 1742 1213 philosophi
1819 1100 2133 1196 Indici,
2201 1106 2344 1213 qui
2414 1098 2661 1182 deum
2742 1098 3028 1180 Visbnu
3100 1093 3237 1180 seu
3296 1123 3541 1209 aquae

545 1223 1039 1337 principium
1098 1226 1436 1323 colunt,
1492 1231 1736 1309 etiam
1797 1226 2017 1311 hunc
2090 1221 2345 1338 ipsum
2407 1222 2656 1307 deum
2718 1225 2798 1305 in
2862 1220 3246 1333 supremo
3303 1249 3543 1304 mon-

584 1350 684 1430 tis
719 1349 941 1430 Mem
985 1354 1409 1433 cacumine
1472 1352 1929 1450 collocant,
2000 1376 2414 1466 tamquam
2474 1350 2838 1445 omnium
2917 1349 3266 1431 deorum
3331 1351 3545 1459 prin·

555 1472 877 1585 eipem.
940 1475 1064 1557 Illi
1124 1502 1319 1558 vero
1378 1472 1828 1590 philosophi
1884 1478 2188 1573 Indici,
2243 1480 2384 1590 qui
2433 1477 2680 1588 ignem
2730 1474 3116 1572 adorant,
3178 1468 3311 1557 seu
3379 1472 3545 1558 shi-

547 1625 700 1684 vae
750 1599 913 1683 deo
968 1625 1260 1681 rerum
1298 1604 1377 1682 δι
1428 1603 1706 1686 mundi
1759 1605 2410 1716 procreationem
2458 1599 2976 1694 attribuunt,
3031 1599 3147 1682 illi
3207 1600 3543 1744 inquam

555 1727 808 1808 'etiam
876 1723 1191 1811 shivam
1251 1724 1546 1826 deum,
1604 1728 1837 1812 sotem
1903 1722 2038 1811 seu
2086 1727 2339 1838 Ignem
2462 1728 2542 1808 in
2604 1719 2979 1837 supremo
3046 1728 3347 1809 montis
3385 1728 3550 1811 Me·

557 1877 651 1931 ru
719 1854 1142 1935 cacumine
1208 1850 1666 1953 collocant,
1730 1853 1976 1967 eique
2051 1849 2339 1934 L'unam
2401 1847 2536 1937 seu
2607 1849 2961 1934 Par-vadi
3027 1851 3264 1933 deam
3337 1878 3541 1935 uxo-

554 1995 730 2056 rem
793 1972 1222 2087 ailignant.
1269 1976 1517 2061 Sblva
1579 1978 1820 2062 deum
1877 1980 1956 2060 δε
2011 1977 2412 2061 Ραναωάὶ
2463 1977 2698 2059 deam
2791 1980 2875 2059 in
2950 1998 3232 2058 monte
3319 1976 3543 2059 Mem

560 2095 1109 2200 confidentes,
1160 2104 1238 2182 δε
1299 2103 1738 2212 tigridem,
1783 2129 1994 2217 quae
2045 2102 2162 2183 ob
2229 2100 2578 2185 maculas
2641 2099 2943 2211 nigras
2972 2102 3053 2181 in
3117 2093 3260 2181 suo
3337 2102 3542 2184 flavo

551 2224 933 2328 flammeo
968 2251 1308 2337 corpore
1353 2223 1784 2338 dispersas,
1811 2226 2177 2326 caelum,
2235 2221 2644 2339 stellasque
2694 2223 3313 2325 caeliexhibet,
3365 2252 3545 2310 ιιιιι-

559 2370 712 2432 tuo
765 2345 1369 2463 conspicientes
1433 2353 1615 2437 vide
1688 2356 1770 2436 in
1835 2348 2248 2466 systemate
2315 2347 2856 2436 Brabmanico
2929 2350 3091 2432 tab.
3130 2353 3342 2435 XVI.
3396 2353 3544 2436 His

557 2471 885 2558 duobus
945 2477 1180 2560 Divis
1241 2479 1320 2576 in
1394 2475 1805 2596 systemate
1867 2477 2445 2562 Sbivanitarum
2519 2470 2651 2560 seu
2714 2478 2963 2587 ignem
3036 2475 3538 2574 colentium,

563 2600 805 2710 origo
865 2604 1140 2713 Gangis
1196 2608 1275 2686 δι
1330 2611 1583 2713 Gagra
1639 2606 2107 2700 fluminum,
2175 2605 2337 2718 qui
2376 2629 2477 2685 ex
2524 2601 2872 2743 parad-{fo
2902 2599 3374 2703 dimanant,
3419 2624 3545 2685 at-

564 2723 996 2824 tribuitur,
1061 2753 1312 2839 quare
1360 2729 1633 2809 Deum
1706 2728 1943 2810 Shiva
2005 2756 2191 2811 cum
2254 2735 2415 2809 Gan
2373 2755 2510 2838 nge
2567 2753 2693 2808 ex
2712 2728 2890 2810 eius
2955 2730 3218 2837 capite
3258 2724 3535 2868 ‘profi-

549 2843 872 2947 flente,
936 2874 1078 2934 aut
1137 2878 1258 2935 ex
1290 2854 1467 2934 eius
1517 2847 1680 2934 tinu
1737 2852 2154 2936 dilabente
2216 2853 2555 2963 pingere
2620 2845 2927 2934 solent.
2981 2850 3188 2935 Vide
3251 2851 3335 2933 in
3388 2879 3540 2936 eo-

549 2972 752 3059 dem
808 2969 976 3094 syst.
1039 2972 1582 3061 Brahmanico
1640 2977 1795 3065 tab.
1847 2983 1943 3062 X.
1987 2972 2084 3061 (α’
2131 2976 2291 3061 tab.
2336 2977 2548 3059 XVI.
2592 3001 2772 3089 pag.
2826 3004 3028 3084 320.
3077 3002 3283 3084 321.
3351 2981 3539 3062 Hoc

563 3097 786 3182 idem
841 3102 944 3183 de
995 3104 1171 3186 Nilo
1231 3104 1583 3185 docuere
1644 3105 2093 3217 Aegyptii,
2163 3109 2303 3221 qui
2361 3105 2624 3185 Nilum
2678 3130 2777 3187 ex
2802 3103 3022 3185 Luna
3058 3128 3326 3186 ortum
3354 3096 3538 3186 fuis-

564 3218 676 3308 se
702 3222 1226 3311 fabulantur.
1289 3228 1506 3310 Tota
1568 3230 1844 3311 mundi
1908 3230 2213 3326 moles,
2278 3220 2414 3311 seu
2469 3230 2785 3327 Metu,
2845 3224 3305 3339 paradisus,
3372 3250 3537 3312 ter-

565 3376 704 3446 ra,
763 3377 1016 3466 aqua,
1078 3354 1442 3452 caelum,
1509 3351 1869 3437 infernus
1943 3381 2106 3436 uno
2168 3355 2697 3438 continentur
2760 3379 2978 3449 ovo,
3034 3346 3168 3434 seu
3229 3354 3536 3437 circulo

551 3470 875 3587 figurae
933 3481 1233 3565 ovalis·
1215 3541 1237 3573 ,
1301 3484 1694 3594 quocirco
1763 3479 2256 3564 vetustislima
2314 3479 2441 3562 illa
2528 3479 2895 3590 gentium
2964 3470 3532 3590 philosophia,

551 3607 844 3687 ‹omnia
912 3635 1012 3689 ex
1077 3639 1219 3689 ovo
1277 3630 1693 3715 procreata
1732 3602 1961 3690 fuisse
1996 3665 2018 3689 .
2084 3607 2361 3709 Dicono
2403 3608 2751 3717 dunque,
2806 3607 2918 3687 ait
2970 3605 3062 3688 R.
3099 3604 3177 3683 P.
3210 3603 3536 3689 Marcus

563 3749 617 3807 a
671 3729 994 3814 Tumba
1064 3760 1163 3815 ex
1227 3732 1507 3814 Indico
1565 3732 1775 3813 libro
1845 3730 2660 3843 Bhagavadapurdna,
2719 3755 2907 3843 pag.
2974 3757 3177 3829 152.
3230 3729 3313 3812 in
3371 3732 3527 3815 cod.

531 3848 723 3971 mffi
790 3856 871 3936 in
936 3854 1124 3951 f01.‚
1187 3858 1433 3938 dicono
1468 3921 1492 3954 ,
1562 3855 1687 3938 che
1748 3859 1810 3941 it
1861 3859 2120 3967 globbo
2152 3856 2490 3947 'terrestre
2550 3863 2583 3957 (
2639 3860 2748 3939 ita
2802 3857 2879 3937 δι
2947 3854 3239 3966 globus
3302 3878 3537 3938 mun-

568 3974 656 4059 di
707 3988 738 4079 )
795 3982 837 4062 ἓ
904 4008 1097 4064 come
1161 3978 1284 4061 un'
1308 4013 1450 4063 ovo
1482 4040 1509 4078 ,
1564 3983 1660 4061 ed
1705 3978 1762 4064 ’ἱ
1808 3984 2395 4091 perpendicolare
2448 4040 2467 4072 ‚
2556 3980 2709 4062 cio?
2766 3980 2877 4060 col
2919 3981 3084 4087 polo
3137 3983 3377 4095 artico
3407 3978 3538 4085 sb.

556 4123 709 4212 pra
764 4160 792 4200 ,
860 4105 939 4185 in
1008 4107 1200 4188 dove
1274 4132 1593 4217 pongono
1661 4104 1725 4188 it
1780 4126 2021 4189 monte
2088 4111 2394 4190 Sumeret
2455 4110 2490 4209 (
2551 4100 2974 4216 pulchrum
3045 4105 3263 4185 Mer-u
3325 4114 3354 4203 )
3402 4132 3533 4187 con

570 4230 768 4311 tutti
820 4231 883 4313 li
935 4232 1270 4321 Paradiss
1284 4289 1312 4330 ‚
1372 4260 1411 4312 e
1450 4236 1608 4341 polo
1654 4232 2024 4316 antartt'co
2055 4231 2258 4338 ficto
2316 4261 2444 4317 con
2482 4261 2638 4311 una
2672 4231 2793 4311 tal
2819 4230 3002 4341 qual
3035 4224 3279 4333 specie
3314 4218 3391 4310 d'
3409 4236 3540 4312 In·

547 4355 777 4470 fimo
841 4415 865 4440 .
928 4362 964 4445 .'
1016 4425 1036 4445 .
1107 4360 1233 4441 Gli
1285 4359 1578 4443 Uomt‘nt'
1616 4417 1642 4457 ,
1703 4359 1785 4441 in
1840 4378 2121 4472 quanto
2195 4360 2342 4441 alle
2398 4357 2648 4439 anime
2673 4356 2854 4459 sono
2900 4352 3121 4457 ‘estin'
3166 4356 3275 4435 da
3340 4355 3538 4457 Οἷα,

546 4482 674 4591 fia
726 4484 835 4564 col
892 4484 976 4567 dl
1024 4484 1138 4567 lui
1158 4485 1368 4593 flato
1389 4543 1413 4579 ,
1443 4487 1566 4593 fia
1623 4482 2094 4592 diffidendos?
2137 4484 2224 4566 In
2272 4504 2488 4565 tante
2540 4481 2925 4587 particetle
2958 4538 2978 4573 ,
3020 4501 3335 4588 quante
3350 4482 3533 4583 fimo

578 4610 649 4691 te
710 4611 1006 4707 anime,
1059 4643 1098 4693 o
1151 4613 1631 4694 tramandate
1683 4613 1784 4693 da
1836 4609 1998 4693 tui.
2045 4611 2259 4718 Semp
2265 4639 2342 4690 re
2375 4609 2550 4713 sbno
2605 4605 2823 4711 test-ise
2882 4604 3090 4684 dalla
3154 4608 3242 4688 di
3283 4606 3394 4690 lui
3407 4608 3537 4812 uest

550 4732 843 4839 finza3
913 4738 1103 4819 nella
1167 4739 1387 4851 quale
1438 4740 1724 4822 devono
1772 4738 2140 4820 ricomare
2211 4739 2385 4843 dopo
2449 4736 2525 4815 la
2555 4735 2724 4847 fine
2789 4729 2911 4810 det
2967 4732 3274 4813 mondo.

549 4854 681 4967 ste
734 4866 1117 4972 particule
1160 4867 1248 4953 dl
1293 4866 1440 4952 Dio
1477 4860 1908 4980 peiren-ono
1960 4865 2025 4950 u
2064 4865 2251 4973 corso
2309 4862 2498 4946 delle
2548 4855 3207 4967 transmigrazionl
3223 4914 3251 4959 ,
3311 4853 3541 4939 huone

3287 5011 3331 5064 o
3378 5000 3537 5067 cat-
