4299 5782
837 308 1006 385 2015

825 428 938 510 Id
990 422 1232 538 quod
1269 423 1443 508 eius
1506 422 2279 541 contemplationem
2336 433 2379 524 ’,
2476 437 2832 512 mentem
2923 419 3372 544 absorptam
3438 441 3513 527 ,”
3562 456 3655 516 ac
3720 433 3803 518 in

825 544 1242 645 scientias
1264 554 1348 631 δι-
1393 576 1634 638 artes
1664 551 2135 664 indaginem
2194 553 2595 642 denotat.
2662 554 2870 637 Vide
2908 551 3138 666 supra
3164 581 3489 668 pag-25
3520 550 3809 672 &fid-

812 702 997 788 pag.
1029 689 1175 760 61.
1223 670 1338 760 ὁ·
1376 674 1544 788 seq.
1601 674 2053 762 Decuffatis
2111 678 2458 787 pedibus
2515 678 2598 760 in
2657 675 2835 767 vase
2884 680 2993 766 ad
3039 681 3183 769 tou
3235 682 3594 765 formam
3609 711 3806 768 con-

823 800 1115 892 iuncto,
1181 796 1462 904 sedet,
1535 808 1614 888 δι
1668 803 2018 890 dextero
2082 802 2415 888 brachio
2475 805 2850 890 vexillum
2911 801 3153 888 rubei
3203 808 3498 892 coloris
3563 807 3806 920 gestat

818 925 1020 1012 belli
1090 930 1168 1008 &
1226 929 1494 1036 pacis,
1557 931 1773 1012 vitae
1836 933 1914 1011 &
1966 933 2246 1013 mortis
2342 924 2788 1047 symbolum
2862 930 3050 1014 loco
3116 934 3420 1017 caducei
3477 937 3802 1044 graeci,

829 1055 1108 1168 quod
1115 1055 1656 1138 communiter
1725 1055 2104 1139 Mercurto
2159 1048 2618 1164 affingitur.
2684 1059 2778 1139 In
2830 1053 2984 1140 hac
3044 1061 3350 1166 pietura
3386 1054 3801 1174 utriusque

821 1177 1202 1265 Mercurit
1273 1179 1585 1268 iuvenis
1650 1183 1729 1262 δι
1792 1173 2128 1262 senioris
2194 1179 2554 1292 epitheta
2607 1177 2940 1279 confusa
3003 1177 3155 1280 effe
3219 1183 3655 1284 videntur,
3712 1206 3801 1272 ut

825 1309 911 1394 in
979 1296 1379 1422 plerisque
1445 1306 1790 1416 graecis
1818 1308 2197 1390 Mercurii
2254 1303 2758 1391 ίῐιιιιιιιισιῐει
2910 1323 2917 1328 ’

1081 1433 1371 1542 Figura
1433 1432 1537 1514 11,
1600 1433 1682 1514 in
1746 1433 2029 1516 eadem
2077 1433 2328 1517 valva
2362 1433 2559 1520 deus
2625 1430 2927 1516 Krsbna
2946 1429 3188 1520 facie
3254 1431 3628 1518 caeruleo
3686 1429 3805 1516 fu·
3893 1445 3902 1456 “

825 1552 956 1641 sca
1010 1554 1280 1640 afficiet
1357 1551 1542 1641 suae
1592 1561 1875 1656 uxori,
1938 1559 2172 1642 cuius
2225 1562 2504 1669 peetus
2566 1556 2885 1640 vellicat
2950 1621 2974 1644 .
3059 1563 3284 1644 Haec
3360 1556 3801 1650 exhibetur

822 1680 1035 1770 facie
1086 1678 1348 1780 flava,
1412 1707 1754 1792 corpore
1824 1667 2307 1780 seminudo,
2365 1677 2644 1766 sedens
2684 1675 3025 1794 pedibus
3076 1679 3559 1769 decuffatis..

818 1893 824 1902 ,
979 1853 986 1862 -
1077 1809 1365 1919 Figura
1435 1808 1569 1892 111.
1637 1809 1715 1890 in
1773 1807 2055 1892 eadem
2111 1808 2385 1906 valva,
2446 1831 2608 1892 tres
2667 1808 2839 1894 Indi
2931 1809 3217 1910 iuuetis
3294 1811 3374 1894 δι
3464 1807 3800 1900 elevatis
3950 1857 3951 1860 ι

832 1931 1212 2020 manibus
1260 1933 1521 2025 deum,
1556 1931 1856 2018 Krsbna
1905 1961 1988 2022 ,ιιι
2051 1934 2438 2044 penetrali
2497 1933 2827 2020 stantem
2891 1933 3375 2020 adorantes·

1025 2133 1034 2138 -
1084 2057 1331 2143 Valva
1398 2058 1677 2158 eadem
1738 2062 1816 2142 in
1855 2054 2022 2146 'sua
2068 2055 2280 2145 facie
2348 2081 2683 2147 externa
2738 2055 3366 2148 -telaobdueta,
3431 2059 3493 2140 1.
3576 2058 3802 2144 exhi-

826 2183 973 2274 bet
1033 2181 1165 2265 dei
1242 2183 1511 2278 Vishuu
1571 2186 2212 2269 incarnationem
2274 2187 2352 2267 in
2387 2211 2710 2293 aprum.
2772 2183 2878 2270 11.
2951 2186 3591 2270 incarnationem
3623 2189 3801 2271 eius

615 2313 624 2324 '
719 2331 730 2336 ¹
828 2309 914 2390 in
976 2308 1396 2413 Narassnha
1458 2303 1591 2390 seu
1645 2308 2059 2392 hominem
2106 2313 2186 2392 δι
2247 2309 2571 2393 leonem
2631 2305 2852 2391 fimul
2888 2367 2912 2389 .
2983 2312 3122 2394 111.
3188 2311 3363 2393 eius
3435 2311 3805 2394 incarna-
3894 2359 3909 2370 -

823 2434 1144 2528 tionem
1194 2438 1274 2516 in
1341 2441 1676 2522 Vamana
1735 2429 1868 2517 seu
1939 2433 2471 2520 Brahmanem
2533 2460 2816 2516 nanum
2853 2491 2880 2532 ,
2941 2438 3082 2548 qui
3138 2461 3298 2540 una
3365 2459 3603 2516 manu
3668 2462 3803 2523 vas

826 2549 1216 2669 cupreum
1277 2586 1484 2673 aqua
1532 2558 1929 2650 ‘refertum
1997 2575 2317 2670 portat,
2379 2558 2628 2641 altera
2663 2582 2856 2650 vtro
2934 2554 3365 2648 umbellam
3402 2586 3620 2673 ,qua
3686 2556 3810 2645 so·

824 2683 984 2770 lem
1047 2689 1124 2766 &
1184 2683 1530 2795 pluviam
1586 2677 1890 2781 arcet,
1927 2683 2224 2795 gestat.
2288 2685 2427 2767 1v.
2487 2678 2729 2768 Rima
2794 2685 2999 2770 deus
3037 2682 3403 2770 Bacchus
3442 2688 3806 2788 iuvenis,

669 2886 680 2899 .
823 2811 971 2928 qui
1034 2809 1313 2901 finistta
1372 2811 1498 2896 vel
1564 2808 1930 2925 sagittam
1979 2810 2104 2898 vel
2163 2809 2567 2922 gladium,
2632 2811 2977 2903 dextera
3043 2835 3317 2898 arcum
3372 2836 3657 2923 gerere
3698 2815 3809 2895 vi·
3870 2925 3883 2931 ς

822 2937 1117 3021 detur.
1184 2940 1279 3018 V.
1329 2939 1513 3023 Sida
1570 2942 1745 3021 eius
1808 2960 2009 3021 uxor
2066 2962 2406 3047 corpore
2464 2931 2734 3027 ssavo.
2805 2939 3133 3023 Eminet
3192 2935 3592 3035 thronus,
3655 2938 3805 3051 qui

823 3061 1073 3147 Rama
1117 3060 1360 3146 deum
1423 3062 1847 3174 cooperit,
1909 3062 2010 3159 ad
2067 3061 2297 3152 cuius
2350 3059 2603 3151 latera
2650 3061 2858 3148 duae
2911 3058 3267 3176 figurae
3300 3087 3604 3223 parvae
3672 3062 3804 3145 VI-

819 3185 1007 3288 sbnu
1069 3187 1348 3275 deum
1374 3174 1905 3278 exhibentes.
3766 3228 3781 3245 ·

1078 3310 1330 3403 Valva
1393 3312 1678 3399 finistra
1717 3312 2182 3433 praedictae
2220 3306 2848 3436 correspondens
2886 3311 3042 3398 tela
3062 3311 3507 3403 obducta
3549 3313 3620 3399 1.
3669 3337 3808 3405 ex·

750 3535 763 3546 ,
823 3435 1058 3523 hibet
1119 3441 1408 3529 Vishnu
1459 3440 1592 3527 dei
1652 3436 2152 3529 fimulacrum
2196 3438 2754 3554 perexiguum
2821 3499 2849 3541 ,
2948 3462 3119 3553 quo
3206 3439 3479 3527 Vishnu
3551 3464 3803 3525 manu

829 3559 1210 3647 securi-im
1282 3589 1419 3648 aut
1488 3562 1789 3649 clavam
1850 3566 1949 3647 ad
1999 3564 2493 3648 occidendos
2561 3567 2959 3663 Titanes,
3016 3568 3097 3648 &
3178 3566 3281 3650 ad
3337 3565 3799 3675 puniendos

715 3740 718 3747 ·
826 3684 1245 3804 perversos
1303 3688 1674 3777 homimis
1733 3688 2114 3777 idoneum
2164 3684 2771 3774 instrumentum
2856 3716 3185 3801 portans
3255 3684 3801 3801 repraesenta-

825 3838 963 3905 tur
997 3878 1018 3900 .
1085 3816 1186 3907 11.
1252 3809 2062 3927 figura-:aliidmasseu
2123 3812 2611 3922 Parafiardma
2660 3814 3056 3919 (Vishnu
3109 3814 3245 3899 dei
3282 3816 3800 3919 incarnatio)

822 3935 1242 4053 sagittam,
1302 3958 1755 4055 arcumque,
1800 3939 2167 4041 manibus
2221 3996 2261 4038 ,·
2344 3935 2686 4029 humero
2746 3942 3058 4025 dextro
3120 3939 3574 4052 pharetram
3618 3965 3802 4051 ,ge-

821 4064 1073 4153 staus.
1138 4066 1582 4153 111..Rama
1635 4062 1919 4177 fustem
1972 4067 2375 4149 aduncum
2432 4096 2606 4180 quo
2669 4065 3144 4178 elephantes
3179 4067 3282 4155 ad
3315 4060 3629 4155 cursum
3665 4068 3797 4155 in÷

822 4195 1177 4291 citantur
1234 4218 1884 4283 manucttenens.
1951 4195 2124 4275 Hae
2193 4215 2352 4273 tres
2416 4189 2724 4303 figurae
2775 4192 2889 4286 ob
2947 4192 3228 4276 lituras
3307 4191 3579 4303 paullo
3636 4185 3795 4273 ob·

819 4313 1221 4402 scuriores
1271 4312 1515 4401 sunt.
1578 4315 2248 4423 IV.,Narafinba,
2314 4308 2451 4398 seu
2526 4316 2796 4401 Vishnu
2861 4317 2945 4398 in
2999 4311 3320 4400 leonem
3391 4319 3470 4398 δι
3527 4314 3794 4399 homi-

820 4469 1012 4526 nem
1077 4446 1533 4527 incarnatus
1601 4440 1809 4527 facie
1865 4435 2069 4543 flava
2124 4437 2494 4539 horrida,
2553 4444 2719 4525 oris
2772 4442 3036 4541 rictu,
3096 4436 3539 4541 dentibus,
3595 4466 3792 4526 ocu·

655 4532 660 4537 .
816 4567 973 4667 lis,
1035 4570 1394 4653 crinibus
1415 4563 1587 4669 {eu
1649 4569 1873 4671 iubis
1911 4568 2247 4677 arte-fitis
2291 4566 2759 4671 terribilis,
2817 4566 3208 4665 vindex,
3268 4563 3789 4655 destruetor

815 4694 1186 4805 Excepto
1238 4698 1562 4815 ειριιῖε
1568 4694 2044 4837 greliquurn
2035 4717 2357 4804 corpus
2413 4692 2847 4780 humanam
2908 4692 3255 4777 formam
3340 4689 3789 4833 praesefert

815 4819 1087 4954 colore
1148 4800 1639 4937 albicah'te
1590 4876 1616 4920 ‚
1679 4816 2031 4941 quatuor
2063 4816 2456 4906 manibus
2524 4810 2899 4934 infigne,
2932 4843 3155 4974 quae
3192 4818 3473 4907 itidem
3511 4806 3797 5030 Vishdnu'

1026 4974 1066 4997 ·¹
1148 4978 1156 4987 ·
3544 5022 3553 5037 ,
3718 4965 3802 5033 et
