4299 5782
803 284 1207 469 113ζὲνίαηί
1257 381 1452 466 edit.
1502 380 1907 496 Petropol.
1979 409 2085 488 17
2101 411 2142 494 3
2168 410 2239 470 2.·
2299 408 2476 493 pag.
2528 384 2727 467 180.
2778 385 2971 467 181.
3005 382 3399 469 Sonuerat
3432 444 3456 481 ,
3520 400 3795 473 torna.

804 537 985 622 pag.
1038 540 1072 591 2
1097 538 1132 606 ρῐ
1158 520 1237 592 6.
1302 503 1401 591 ὁ·
1457 538 1606 620 seq.
1665 513 2108 620 Fourmont
2161 568 2187 610 ,
2254 510 2662 618 Refiexions
2722 510 3072 622 critiques
3107 511 3252 616 fier
3312 513 3416 592 les
3470 511 3797 615 histoires

822 642 948 725 des
996 637 1291 754 ano-iens
1350 638 1646 744 peuples
1675 692 1702 732 ‚
1769 659 1963 718 tom.
2015 665 2087 719 ι.
2163 632 2412 748 praef.
2511 663 2694 745 pag.
2747 656 2880 729 vr„
2938 663 3021 722 et
3106 634 3268 749 seq.
3345 644 3796 746 Remos-ques

818 764 1196 880 generales
1272 791 1397 841 sur
1453 763 1555 844 les
1606 760 2057 846 charaHeres
2121 762 2214 843 de
2264 758 2813 870 Chronologistes
2848 824 2868 845 .
2933 760 3282 880 Systema
3348 761 3802 846 Brahmani·

831 915 1018 973 cum
1076 912 1252 998 pag.
1305 917 1500 992 209.
1561 891 1956 971 Ceterum
1993 947 2018 987 ,
2081 891 2373 999 opinio·
2424 886 2810 969 Indorum
2848 946 2874 984 ‚
2935 914 3176 999 quam
3238 884 3466 999 supra
3515 888 3795 969 attuli*-

831 1041 1010 1111 mus
1047 1039 1224 1126 pag.
1273 1040 1468 1108 107.
1543 1020 1743 1096 108.
1827 1044 2021 1121 109.
2084 1041 2285 1097 ιιι.
2365 1005 2639 1095 favere
2724 1011 3044 1097 videtur
3114 1012 3227 1095 illi
3295 1012 3801 1097 eruditorum

831 1144 1185 1224 virorum
1243 1135 1765 1238 sententiae,'
1802 1164 2013 1253 quae
2082 1163 2247 1220 non
2319 1135 2627 1221 levibus
2679 1135 2784 1218 de
2855 1134 3124 1222 caustis
3164 1141 3408 1222 docet
3443 1196 3468 1236 ,
3515 1162 3786 1218 arcam

830 1272 991 1352 Noe
1044 1267 1126 1346 in
1194 1263 1615 1350 Carduebiis
1669 1264 2139 1363 montibuS,
2202 1285 2343 1346 aut
2420 1287 2646 1346 certe
2714 1263 2884 1344 aliis
2956 1268 3210 1346 monti
3277 1264 3557 1344 Tauro
3654 1285 3803 1344 co-

829 1388 1351 1476 haerentibus
1401 1384 1802 1474 substitisse
1853 1448 1875 1471 .
1970 1382 2300 1471 Taurum
2380 1411 2744 1472 montem
2832 1388 3182 1505 Scythae
3227 1447 3287 1487 ‚,
3322 1389 3716 1471 Himalam
3770 1445 3799 1486 ,

828 1516 1254 1613 Pamada,
1319 1508 1455 1598 seu
1526 1516 1927 1623 Caucasum
2012 1516 2383 1597 Indicum
2465 1515 2546 1594 in
2620 1508 2755 1596 sua
2835 1513 3291 1597 summitate
3374 1540 3423 1596 a
3507 1509 3795 1595 diluvii

831 1644 1062 1756 aquis
1113 1632 1453 1727 mersum
1517 1667 1673 1722 non
1730 1637 1953 1723 fuisse
2022 1638 2198 1722 Indi
2264 1643 2767 1751 opinantur3⁴
2833 1639 3050 1751 quod
3112 1632 3604 1722 subobscure
3666 1640 3797 1718 in-

828 1768 1098 1851 dicare
1165 1763 1487 1847 videtur
1521 1824 1546 1864 ,
1609 1765 1711 1846 ab
1770 1791 1930 1848 uno
1992 1790 2093 1846 ex
2141 1764 2295 1848 illis
2340 1766 2777 1846 ‚montibus
2835 1789 3095 1873 genus
3143 1765 3584 1846 humanum
3625 1758 3795 1872 post

827 1892 1217 1978 diluvium
1273 1884 1753 1973 descendisse
1792 1950 1819 1988 ,
1881 1916 1976 1976 ac
2032 1889 2222 1973 inde
2291 1891 2374 1972 in
2437 1890 2625 1973 alias
2681 1886 2900 1970 orbis
2948 1917 3212 2000 partes
3262 1911 3797 2000 propagatum

830 2014 1060 2104 fuisse
1102 2076 1125 2098 .
1191 2015 1399 2099 Vide
1461 2015 1808 2104 indicem
1884 2014 2521 2128 geographieum
2582 2041 2763 2125 pag.
2841 2019 3040 2108 586.
3113 2017 3213 2098 ad
3300 2013 3787 2118 Xenophontis

761 2169 769 2176 ·
831 2145 924 2226 de
955 2143 1148 2261 ‘Cyri
1201 2142 1665 2248 expeditione
1699 2141 1934 2223 libros
1961 2141 2245 2247 septem
2309 2167 2494 2224 cum
2562 2142 2778 2223 notis
2837 2140 3192 2248 Stephani
3222 2200 3247 2241 ,
3308 2136 3804 2234 Leonnavit'.

833 2269 1071 2354 Por-tii
1123 2262 1220 2348 ό·
1270 2267 1622 2362 Mureti,
1684 2270 1983 2349 Oxonii
2033 2267 2223 2376 edit.
2252 2263 2404 2365 see.
2464 2291 2679 2348 anno
2763 2290 3020 2362 1745·

1088 2386 1228 2476 111.
1359 2395 1617 2476 Prima
1668 2393 1915 2501 igitur
1966 2390 2133 2502 post
2185 2389 2573 2473 diluvium
2624 2387 2989 2472 historiae
3050 2394 3129 2472 &
3190 2392 3608 2503 religionis
3665 2391 3804 2474 In-

834 2513 1070 2603 dicae
1119 2512 1429 2628 epocha
1490 2513 1851 2599 historica
1887 2578 1912 2614 ‚
1979 2542 2219 2628 quarn
2272 2543 2377 2601 ex
2424 2516 2722 2598 Indicis
2786 2516 3010 2599 libris
3069 2516 3362 2600 elicere
3430 2522 3509 2597 δι
3580 2516 3806 2600 stabi-

832 2638 984 2727 lire
1032 2644 1273 2739 licet,
1342 2638 1448 2723 est
1502 2638 1755 2754 ipsum
1824 2644 2367 2725 Pandavarum
2422 2647 2501 2723 &
2553 2644 3095 2725 Kouravarom
3149 2670 3487 2754 regnum
3532 2639 3809 2724 &bel-'-
3916 2733 3925 2740 f

771 2769 1001 2856 01um
1039 2827 1063 2850 .
1131 2771 1520 2884 Quamvis
1579 2770 1796 2853 enim
1870 2767 2027 2850 hoc
2086 2766 2391 2856 bellum
2437 2828 2460 2866 ,
2522 2762 2916 2880 regesque
2967 2765 3080 2848 illi
3142 2763 3288 2850 sub
3321 2764 3622 2884 quibus
3659 2793 3809 2878 ge.-

829 2890 936 2983 sta
990 2888 1214 2978 fuisse
1289 2895 1714 2983 traduntur
1749 2954 1775 2991 ,
1841 2897 2381 2983 commentitii
2435 2888 2585 2982 esse
2616 2894 3098 2989 videantur,
3161 2897 3476 3008 antiqui
3519 2916 3798 2977 tamen

829 3020 1045 3110 illius
1106 3025 1491 3131 temporis
1537 3023 2011 3110 memoriam
2078 3024 2498 3116 excitant,
2569 3014 2836 3126 figunt
2899 3078 2925 3118 ‚
2990 3015 3328 3133 eiusque
3395 3019 3792 3109 enocham

832 3141 1239 3229 definiunt
1279 3201 1297 3222 .
1368 3146 1768 3228 Pandiones
1828 3147 2193 3230 Graecos
2226 3136 2767 3228 Athenienses
2827 3171 3063 3257 reges
3103 3146 3184 3227 in
3230 3138 3512 3228 seriem
3559 3143 3805 3228 chro-

831 3270 1288 3382 nologicam
1343 3269 1510 3381 post
1576 3278 1954 3381 Cecropem
2019 3270 2366 3354 collocat
2426 3268 2525 3352 ad
2580 3293 2886 3359 annum
2945 3273 3272 3353 circiter
3334 3298 3602 3372 1550.
3655 3297 3800 3353 an-

839 3420 925 3482 te
984 3393 1390 3480 Christum
1452 3421 1728 3481 natum
1790 3395 2157 3480 eruditus
2228 3399 2505 3481 audior
2565 3397 2832 3503 operis
2890 3380 3245 3503 inscripti
3282 3454 3309 3493 ‚
3379 3401 3664 3512 Voyage
3698 3395 3803 3494 da

822 3528 1049 3633 jeune
1114 3519 1546 3629 Anacharfis
1609 3550 1697 3625 en
1747 3522 1968 3605 Greee
2035 3523 2249 3602 dans·
2272 3524 2338 3602 le
2378 3518 2642 3600 ‘milieu
2706 3521 2807 3602 du
2849 3519 3268 3632 quati-ieme
3287 3523 3514 3635 fieele
3558 3537 3813 3607 avant

836 3643 1038 3731 l'Ere
1087 3647 1495 3759 vulgaire,
1547 3641 1893 3730 seconde
1952 3646 2267 3730 edition
2329 3669 2375 3729 a
2441 3645 2656 3728 Paris
2731 3651 2999 3752 1789.
3074 3668 3247 3733 tom.
3292 3676 3366 3731 1.
3439 3672 3618 3757 pag.
3665 3671 3809 3751 13.

839 3766 943 3856 ὁ·
979 3773 1202 3883 seq.,
1271 3772 1553 3887 ibique
1618 3799 1718 3855 ex
1782 3771 2208 3855 Herodoto
2273 3830 2298 3870 ,
2364 3771 2692 3853 Platone
2746 3829 2771 3868 ‚
2837 3766 3213 3855 Pausania
3281 3834 3306 3873 ‚
3372 3758 3809 3874 Diodoro,

836 3894 1442 3997 Demosthene,
1506 3897 1891 3996 Lucano,
1953 3902 2033 3984 &
2096 3894 2496 3982 Bocharto
2550 3897 2884 4006 primam
2942 3922 3140 3982 tune
3207 3924 3393 3985 cum
3444 3897 3805 3981 Phoenici-

835 4022 969 4110 bus
1026 4018 1363 4137 aliisque
1421 4022 1922 4106 Orientalibus
1986 4024 2813 4105 communicationem
2848 4079 2873 4118 ‚
2937 4023 3138 4106 rude
3177 4026 3809 4122 commercium3

831 4148 1410 4262 Agriculturae
1476 4150 1801 4232 initium
1844 4206 1873 4247 ,
1931 4149 2384 4229 litterarum
2445 4172 2540 4228 ac
2608 4139 3043 4257 scripturae
3107 4152 3667 4260 cognitionem
3705 4142 3814 4269 ab

840 4274 1341 4375 Orientalibus
1395 4298 1808 4387 acceptam
1865 4273 2200 4388 Graecis
2256 4269 2417 4354 ‘sub
2476 4269 2834 4353 Pandione
2900 4299 3097 4386 rege
3142 4275 3468 4388 allignat
3532 4334 3555 4357 .
3621 4282 3817 4355 Pan-

833 4400 1076 4482 diones
1134 4426 1472 4511 graecos
1530 4401 1613 4480 in
1676 4394 1959 4481 seriem
2024 4392 2638 4478 Atheniensium
2671 4423 2951 4508 regum
2980 4402 3221 4483 etiam
3252 4398 3503 4485 refert
3555 4390 3811 4509 Apol-

843 4524 1173 4609 lodorus
1227 4518 1354 4605 lib.
1395 4550 1468 4629 3.
1548 4521 2016 4609 Herodotus
2052 4516 2525 4620 ‚Pausanias
2583 4518 2909 4607 Atticae
2929 4549 3108 4637 pag.
3146 4538 3185 4634 3
3219 4556 3286 4610 1.
3340 4526 3516 4607 edit.
3565 4523 3805 4635 Lugd.

842 4645 1500 4747 ClemensAlex.
1532 4708 1557 4745 ,
1583 4645 1662 4731 S.
1692 4650 2248 4763 Hieronymus
2282 4706 2307 4746 ‚
2371 4652 2447 4732 δι
2484 4642 2650 4761 post
2681 4674 2821 4731 eos
2855 4651 3231 4753 calmet,
3294 4650 3806 4761 chronologiae

819 4774 949 4886 stu
1005 4771 1407 4894 rationarii
1452 4792 1850 4893 temporum
1888 4833 1911 4859 .
1978 4778 2273 4861 venet.
2326 4804 2360 4863 t
2383 4802 2430 4885 7
2444 4801 2485 4886 3
2508 4802 2589 4885 7.
2652 4798 2831 4889 pag.
2861 4805 2942 4885 4.
3016 4775 3155 4895 ubi
3211 4776 3602 4866 Pandionis
3680 4799 3808 4857 re-

2360 4922 2371 4927 ·
3284 4919 3293 4925 ·
3558 4924 3818 5018 gnum
