4299 5782
2236 402 2242 406 Α
3344 332 3521 419 ²09

535 435 1241 539 fldem-invocant
1290 436 1374 521 &
1418 431 1705 523 colunt
1768 491 1793 515 .
1859 427 2170 519 Eadem
2234 427 2685 522 matutinae
2750 419 3268 521 salutationis
3329 461 3534 550 ergo

541 575 648 661 ab
707 569 925 656 Indis
986 564 1410 682 usurpatur
1443 623 1466 645 .
1534 566 1610 648 A
1666 588 1903 676 tergo
1960 561 2198 648 Sidae
2255 561 2454 649 stant
2510 583 2676 646 tres
2730 563 2957 677 genii
3010 558 3392 678 dbvaeguel
3418 565 3531 649 di-

541 702 648 786 cti
687 759 716 806 ,
776 722 1127 812 quorum
1183 720 1391 777 unus
1439 692 1818 776 manibus
1881 688 2390 806 complicatis
2446 682 2786 775 ⁸Raeimam
2863 691 2945 773 δι
3011 691 3276 777 Sidam
3333 692 3536 777 ado-

544 847 671 913 rat
709 851 902 910 arcu
962 826 1046 906 δε
1099 818 1471 935 pharetra
1515 817 1619 903 ad
1659 816 2047 904 humeros
2110 812 2430 920 afficto,
2495 817 2723 934 quod
2752 813 3319 903 :indicium‘est
3353 816 3530 903 bel·

545 951 603 1039 li
635 1011 663 1054 ,
723 955 806 1033 δε
858 943 1261 1034 servitutis
1318 948 1657 1032 deorum
1710 946 2145 1059 geniorum
2226 946 2313 1038 in
2388 942 2613 1031 bello
2665 942 3073 1031 Bacchico
3124 1001 3152 1027 .
3241 948 3531 1030 Ramae

545 1079 632 1163 δι
683 1077 910 1161 Sidae
969 1073 1262 1160 statuae
1319 1068 1461 1159 seu
1506 1065 1921 1160 fimulacra
1973 1072 2499 1185 reperiuntur
2561 1072 2655 1158 in
2722 1067 3265 1189 antiquiffimo
3331 1096 3536 1158 tem·

543 1200 693 1322 plo
738 1204 823 1287 in
882 1197 1138 1286 insula
1187 1201 1602 1312 Elephanta
1651 1202 1755 1286 ad
1810 1196 2238 1318 Bombayn‚
2299 1197 2530 1315 quod
2596 1196 2907 1285 indicat
2960 1196 3179 1284 hanc
3235 1198 3531 1284 Rama:

421 1369 426 1378 ¹
537 1329 683 1417 dei
733 1325 1094 1415 fabulam
1151 1329 1366 1414 inter
1414 1328 1675 1414 Indos
1732 1323 2328 1420 vetustissimam
2394 1318 2552 1412 ell‘e
2590 1391 2616 1418 .
2676 1325 2894 1412 Vide
2920 1319 3254 1446 systema
3285 1322 3529 1410 Brab-

527 1455 960 1543 ·manicum
1007 1480 1188 1570 pag.
1233 1482 1441 1565 ¹35·
1495 1451 1628 1541 Ad
1684 1450 1897 1546 latus
1946 1454 2381 1541 dexterum
2435 1448 2577 1539 dei
2626 1448 2875 1537 Rima
2924 1446 3354 1537 decussatis
3397 1475 3532 1564 pe·

543 1580 791 1666 dibus
830 1575 1114 1667 sedent
1150 1607 1236 1688 7.
1287 1582 1575 1696 Magi,
1637 1582 1915 1694 Yogui
1947 1635 1978 1682 ‚
2033 1574 2459 1666 Samanaei
2489 1638 2518 1681 ,
2574 1570 2715 1664 seu
2740 1575 3069 1699 Sanyltli
3106 1602 3250 1664 aut
3274 1577 3529 1666 Maha

543 1701 861 1791 Tabaffi
909 1707 1163 1791 ludici
1190 1772 1221 1810 ‚
1289 1710 1434 1823 qui
1480 1705 1682 1791 tales
1741 1705 1899 1810 effe
1959 1729 2065 1791 ex
2104 1702 2680 1819 capillamento
2753 1702 2927 1792 alto
2988 1761 3018 1807 ‚
3110 1729 3216 1790 ex
3273 1705 3531 1794 modo

542 1827 941 1932 sedendi,
1002 1834 1086 1917 δι
1139 1860 1247 1920 ex
1290 1834 1563 1921 colore
1613 1829 1980 1949 corporis
2021 1825 2625 1946 agnoscuntur.
2686 1832 2864 1914 Hos
2896 1830 3074 1917 iure
3107 1854 3529 1947 tamquam

548 1982 633 2074 7.
674 1958 1038 2070 planetas
1070 2015 1099 2058 ,
1162 1956 1847 2074 contemplatores
1899 1963 1981 2044 δε
2032 1955 2524 2045 confiliarios
2575 1955 3197 2044 confideraveris
3230 2011 3253 2037 .
3321 1958 3530 2046 Duo

541 2080 757 2168 facie
822 2079 1079 2168 rubea
1132 2078 1503 2173 subfusca
1536 2146 1565 2183 ,
1624 2088 1794 2173 duo
1844 2077 2115 2189 flava,
2178 2110 2389 2172 unus
2443 2083 2816 2171 caerulea
2872 2146 2900 2184 ,
2988 2108 3233 2170 unus·
3284 2079 3523 2188 alba,

543 2231 761 2292 unus
829 2209 1066 2294 viridi
1111 2209 1600 2301 exhibetur.
1662 2217 1770 2299 Hi
1834 2214 2152 2300 colores
2187 2237 2293 2300 ex
2322 2212 2715 2297 Indorum
2753 2208 3203 2326 theogonia
3235 2211 3317 2294 in
3355 2210 3528 2325 pla-

542 2357 776 2418 netas
839 2334 1145 2422 cadunt
1177 2394 1206 2436 ‚
1263 2360 1350 2423 at
1392 2339 1686 2426 cadere
1739 2362 2167 2457 nequeunt
2197 2341 2282 2426 in
2330 2361 2567 2425 veros
2598 2335 2972 2424 homiues
3009 2337 3252 2423 unius
3283 2361 3523 2451 prae·-

527 2455 822 2548 'sertim
883 2464 1243 2574 regionis
1274 2522 1301 2563 ‚
1365 2466 1605 2550 unius
1656 2464 2060 2567 climatis,
2122 2465 2775 2552 unius-nationis
2824 2489 2910 2550 et
2956 2461 3361 2550 instituti.

790 2587 905 2669 Hi
962 2588 1211 2673 iidem
1258 2588 1518 2677 Indici
1572 2595 1809 2707 Mag!
1854 2596 2220 2684 indicant
2253 2630 2280 2677 ε
2346 2585 2590 2678 Βᾶηια
2642 2589 2890 2677 deum
2955 2587 3090 2676 seu
3152 2586 3520 2677 Bacchum

536 2709 923 2801 iuvenem
965 2739 1125 2798 non
1185 2712 1342 2802 else
1394 2715 1902 2825 Sql'ostn'dem,
1967 2746 2130 2806 non
2191 2714 2346 2806 esse
2415 2716 2756 2838 scytham
2804 2743 2853 2802 a
2907 2739 3191 2802 monte
3273 2710 3522 2802 saun

537 2835 627 2920 in
697 2837 1002 2921 Indiam
1059 2836 1468 2954 delapsum
1503 2900 1532 2942 ‚
1593 2840 1973 2933 non-effe
2033 2839 2480 2947 Maurum,
2541 2839 2680 2930 sed
2738 2836 2892 2928 effe
2949 2867 3251 2929 numen
3301 2843 3528 2931 Indi·

537 2962 789 3063 cuns,
850 2965 1348 3077 gentilitium
1384 3026 1410 3065 ‚
1470 2967 1998 3086 allegoricum
2065 2973 2153 3055 in
2206 2972 2433 3057 ludia
2487 2992 2770 3057 natum
2828 3028 2853 3053 .
2914 2971 3229 3054 Omnes
3278 2967 3364 3053 hi
3429 2994 3514 3088 7.

533 3086 768 3203 Mag!
819 3092 1087 3174 crines
1147 3090 1491 3203 plicatos
1558 3101 1639 3180 δι
1704 3123 1851 3212 per
1915 3094 2219 3183 multos
2277 3097 2667 3183 circuitus
2721 3094 2825 3181 ad
2892 3100 3179 3208 capitis
3253 3088 3515 3183 verti?-

529 3239 716 3299 cem
782 3218 866 3300 in
930 3240 1235 3302 conum
1289 3216 1818 3309 ascendentes
1871 3248 1967 3309 ac
2025 3227 2306 3312 cinere
2371 3215 2841 3337 conspersos
2889 3245 3247 3335 gerunt,
3312 3248 3519 3341 qua·

527 3338 652 3427 les
719 3338 905 3429 sunt
972 3344 1240 3429 crines
1297 3340 1437 3432 seu
1491 3349 2146 3463 capillamentum
2210 3340 2801 3435 hodiernorum
2883 3348 3513 3463 samanaeorum

529 3467 1008 3590 διηγῇ-νεὶ
1065 3466 1295 3587 Yogul
1338 3473 1734 3561 dictorum
1767 3538 1796 3581 ,
1860 3478 2083 3595 quod
2155 3474 2294 3590 ipfi
2346 3471 2570 3561 cr‘a‘da
2654 3472 2782 3563 vel
2844 3471 3088 3587 gladi
3155 3498 3450 3563 vocant
3479 3534 3511 3581 ‚

525 3610 619 3679 'ct
677 3597 760 3679 in
820 3592 1217 3695 honorem
1261 3597 1399 3683 dei
1455 3602 1709 3689 Sblva
1765 3600 1900 3689 seu
1946 3600 2132 3690 Solls
2191 3609 2272 3688 δε
2319 3603 2515 3716 r’gnls
2569 3600 2958 3688 defernnt
2993 3602 3509 3690 cinerecon·

527 3713 764 3832 sperfi
827 3783 851 3808 .
937 3722 1032 3806 In
1094 3726 1399 3841 vertice
1470 3729 2019 3840 capillamenti
2065 3729 2302 3816 deam
2366 3728 2702 3817 Pdrvad!
2760 3728 3034 3813 lunam
3093 3727 3504 3840 considere

522 3840 611 3930 hi
677 3840 1135 3960 Philosophi
1190 3846 1334 3933 fibi
1393 3853 1998 3970 imaginantur,
2059 3884 2158 3942 ac
2223 3858 2504 3941 cinere
2578 3849 2974 3967 conspcrfi
3051 3878 3301 3971 caput
3376 3848 3510 3945 η’-

522 3993 876 4086 gantur,
937 3974 1242 4075 vitam,
1311 3998 1404 4060 ut
1454 3977 1596 4090 ipfi
1655 3985 1888 4065 aiunt
1939 4044 1963 4081 ,
2039 3980 2334 4069 Shivae
2399 3976 2539 4065 seu
2609 3981 2802 4066 Solis
2882 3979 3415 4067 errabundam
3472 4036 3505 4083 ,

528 4098 1102 4212 poenitentem
1134 4121 1177 4199 ,·
1223 4123 1321 4186 ac
1369 4099 1787 4190 caelestem
1848 4106 2305 4209 imitando,
2365 4106 2516 4222 qui
2593 4105 2723 4190 Sol
2772 4101 2908 4191 seu
2964 4108 3160 4220 {gnis
3227 4107 3510 4194 mundi

524 4221 911 4324 init-ium,
977 4224 1262 4309 mundi
1331 4221 1679 4313 servator
1713 4290 1740 4331 ‚
1802 4258 1890 4319 et
1941 4231 2271 4319 futurus
2320 4229 2432 4318 cst
2469 4231 2959 4320 destruetor.
3023 4236 3296 4349 Quam
3328 4235 3503 4352 qui·

524 4348 719 4436 dem
778 4347 1397 4437 destrufiionetn
1450 4354 1864 4442 cineribus
1953 4358 2109 4445 illis
2192 4357 2763 4474 capillamento
2827 4351 3188 4475 inspetfis
3240 4385 3506 4449 anun-

521 4477 749 4562 tiant
803 4479 887 4562 ez
942 4477 1303 4563 docent.
1367 4482 1460 4565 In
1519 4483 1828 4569 vertice
1914 4481 2137 4571 cladi
2199 4480 2338 4572 seu
2396 4485 2937 4601 capillamenti
2998 4481 3504 4574 uniuscuius-

522 4627 694 4716 que
757 4607 984 4719 Magi
1046 4605 1338 4691 Ra‘nm
1381 4607 1547 4695 deo
1610 4606 2006 4698 afficientis
2065 4615 2463 4727 promicat
2520 4612 2723 4698 unio
2785 4673 2811 4700 .
2912 4617 3139 4699 Haec
3210 4617 3502 4731 capitis

517 4721 843 4843 forma,
905 4726 1390 4821 hicincinni
1412 4794 1443 4836 ‚
1505 4730 1714 4824 haec
1739 4741 1983 4827 turris
2040 4739 2434 4857 capillatis
2470 4740 2747 4826 necin
2792 4738 3166 4843 Persicis,
3204 4767 3359 4829 nec
3409 4743 3500 4831 in

520 4850 930 4969 Scythicis
983 4864 1346 4978 antiquis
1397 4869 1948 4954 monumentis
2002 4869 2368 4955 occurrit
2410 4922 2436 4949 .
2498 4862 2957 4986 Hicigitur-
2994 4892 3228 4974 mos,
3286 4867 3497 4956 haec

436 5018 450 5059 ι
510 5002 1049 5076 monumenta
1077 5042 1114 5094 ,
1174 4988 1382 5095 haee
1433 4993 1733 5089 bacchi
1795 4990 2079 5094 fabula
2119 5023 2227 5087 ex
2281 4990 2595 5085 Perfide
2626 5048 2657 5108 ‚
2717 4996 3045 5106 Media,
3103 5018 3249 5087 aut
3299 4990 3496 5113 Scy·

2228 5120 2408 5217 Du
2477 5150 2527 5223 a
2638 5117 2656 5125 “
3019 5118 3027 5125 ’
3325 5118 3506 5212 thia
