4299 5782
745 309 1049 491 {seim
1080 396 1550 514 fhnHificati
1573 455 1600 497 ,
1653 388 1752 482 (θ’
1815 426 1892 481 m
1993 397 2082 482 Δι’
2107 394 2206 480 ab
2246 384 2463 482 omm‘
2489 412 2790 505 peccato
2825 452 2848 476 .
2904 389 3152 479 Addit
3181 396 3259 477 P.
3296 388 3727 507 Ildephow

745 531 928 619 sus:
999 523 1348 643 gentiles
1383 584 1410 625 ,
1471 525 1668 610 dum
1723 551 1829 611 ex
1875 528 1991 609 eis
2052 523 2530 639 quaeritur,
2592 546 2741 605 cur
2797 524 3047 605 tantis
3130 522 3421 604 sitibus
3481 547 3726 605 utan-

749 684 888 745 tut·
950 655 1052 743 ad
1112 650 1189 737 se
1251 650 1798 752 lustrandum,
1864 646 2351 766 respondere
2401 642 2675 757 solitos
2730 640 2884 732 effe
2939 678 2964 730 ε
3034 646 3238 732 duas
3300 643 3452 731 effe
3517 673 3736 759 gen·

753 824 1020 913 tilium
1084 820 1471 905 Indorum
1508 820 1730 933 leges
1761 876 1786 918 ,
1855 842 2099 902 unam
2171 792 2434 919 &³138
2503 818 2791 900 Kar-ma
2828 875 2852 911 ,
2879 813 2961 898 id
2986 813 3094 899 est
3118 876 3142 917 ,
3172 839 3365 927 opus,
3401 813 3733 899 aiteram

764 1045 978 1138 Q
993 1051 1046 1114 51
1068 1055 1148 1117 m
1170 1039 1211 1111 8
1269 1031 1529 1146 gmina
1558 1094 1586 1131 ,
1649 1029 1731 1115 id
1797 1025 1905 1114 est
1934 1088 1963 1131 ,
1994 1031 2363 1143 spiritum
2387 1091 2413 1132 ,
2433 1026 2895 1139 fhpientt‘am
2927 1084 2954 1126 ,
3009 1027 3388 1111 internam
3440 1027 3610 1111 vim
3645 1029 3741 1110 le·

750 1194 936 1323 gis,
985 1202 1214 1286 Illam
1276 1223 1586 1313 partem
1646 1202 1855 1315 legis
1893 1260 1915 1300 ,
1982 1225 2194 1314 quae
2252 1221 2503 1311 opera
2552 1194 2758 1309 legis
2826 1187 3270 1310 praecipit,
3336 1197 3416 1282 in
3451 1197 3736 1299 India,

756 1361 857 1418 ac
914 1322 1379 1446 praesertim
1445 1329 1525 1409 in
1588 1323 2084 1412 Malabaride
2151 1321 2745 1436 adimplendam
2801 1316 2956 1409 esse
3013 1351 3042 1424 ;
3110 1322 3211 1406 ad
3274 1321 3505 1407 aliam
3590 1324 3737 1406 ad-

756 1482 1007 1543 venas
1103 1454 1421 1550 teneri,
1478 1450 1617 1535 fibi
1680 1477 2014 1570 quoque
2083 1444 2505 1547 sufficere,
2569 1443 2780 1534 hanc
2854 1448 3215 1533 ultimam
3282 1474 3665 1534 exercere
3712 1512 3739 1550 ,

758 1584 958 1670 dum
1012 1576 1152 1694 ipfi
1206 1577 1291 1660 in
1339 1579 1623 1663 alienis
1691 1583 1924 1663 terris
1970 1570 2387 1662 versantur
2446 1634 2467 1670 ,
2533 1597 2808 1689 neque
2891 1577 3227 1689 primam
3287 1566 3734 1685 adimpiere

758 1703 1134 1823 possunt.
1199 1700 1460 1788 Aiunt
1509 1702 1870 1819 denique
1925 1762 1951 1801 ,
2018 1696 2094 1784 se
2158 1698 2623 1815 cumprimis
2688 1698 2802 1783 ilii
2852 1703 3056 1814 legis
3105 1703 3317 1815 parti
3372 1700 3738 1785 addictos

760 1829 919 1918 esse
976 1892 1002 1933 ,
1098 1854 1308 1946 quae
1382 1854 1639 1950 opera,
1715 1822 1973 1915 saneta
2056 1827 2465 1939 ‘praecipit
2532 1860 2556 1921 ς
2654 1825 3014 1944 indeque
3107 1825 3740 1911 Malabaridem..

753 2013 864 2119 ,ᾧ
885 1977 1063 2105 [ἐξ
1094 1977 1211 2080 ῗΔἿ
1291 1997 1557 2093 karma
1610 1990 1867 2083 bhbmt'
1910 1992 2047 2082 seu
2102 2018 2391 2082 terram
2443 1998 2791 2083 bonorum
2838 2020 3132 2106 operum
3213 1995 3486 2081 vocari
3545 2029 3569 2088 3
3628 1990 3742 2076 ob

767 2224 984 2326 quae
1012 2209 1231 2296 bona
1279 2237 1526 2324 opera
1550 2271 1578 2313 ,
1639 2212 1840 2297 deus
1890 2235 2006 2293 n-a
2029 2241 2100 2296 m
2124 2197 2281 2327 Θ
2300 2241 2373 2297 m
2391 2225 2445 2291 51
2464 2224 2551 2293 Δ
2569 2215 2610 2290 3
2698 2210 3266 2295 Parasbrirdma
3327 2268 3354 2310 ,
3428 2203 3750 2337 Vishnu

681 2370 697 2388 ⁰
770 2403 1070 2491 nempe
1132 2383 1649 2477 incarnatus,
1716 2377 1908 2464 olim
1977 2407 2257 2482 mare,
2321 2378 2547 2496 quod
2611 2403 2934 2463 montes
3004 2378 3276 2463 Ghaces
3336 2376 3750 2474 alluebat,

767 2503 878 2588 ab
938 2499 1063 2587 his
1132 2499 1548 2590 montibus
1609 2510 2058 2608 amoverit,
2122 2529 2369 2621 atque
2438 2507 2864 2616 regionem
2923 2505 3137 2588 illam
3186 2502 3288 2588 ad
3343 2526 3744 2603 centum,

767 2632 850 2713 δι
906 2631 1503 2747 quinquaginta
1559 2625 1921 2737 milliaria
1983 2635 2066 2716 in
2125 2633 2432 2725 aridam
2495 2630 2915 2714 reduxerit
2969 2636 3190 2734 (Χ.).
3489 2646 3494 2651 ’

1023 2751 1417 2873 Quisquis
1472 2758 1793 2838 intento
1821 2759 2094 2840 animo
2124 2755 2325 2841 haec
2359 2759 2629 2840 omnia
2663 2755 3143 2870 expenderit
3176 2815 3204 2854 ,
3263 2748 3500 2838 facile
3537 2776 3754 2838 com-

764 2878 1283 2997 prehendet,
1347 2883 1430 2966 in
1506 2878 1629 2964 his
1695 2878 2298 2969 lustrationibus
2368 2885 2881 2996 praecipuam
2967 2880 3406 2995 gentilicae
3471 2877 3756 2964 Theo·

764 3006 1040 3120 logiae
1095 3031 1412 3120 partem
1470 3005 1694 3091 sitam
1752 3002 1907 3091 effe
1942 3065 1965 3089 .
2016 3015 2258 3097 Haec
2316 3013 2593 3122 paucis
2649 3033 3165 3123 nequaquam
3215 3004 3572 3090 illustrari
3612 3031 3760 3118 po-

642 3161 645 3164 ·
771 3129 978 3216 teste
1048 3131 1305 3215 multa
1371 3156 1645 3215 autem
1712 3157 2218 3244 congerere,
2277 3158 2404 3217 res
2470 3132 2580 3218 cst
2639 3159 2686 3217 a
2726 3131 2989 3217 nostro
3036 3129 3443 3246 proposito
3501 3138 3576 3215 δι
3639 3135 3757 3214 in·

624 3253 631 3260 ’
768 3255 1051 3341 stituto
1112 3251 1431 3368 prorsus
1488 3258 1812 3341 aliena.
1880 3257 2265 3343 Attamen
2340 3284 2442 3341 ne
2512 3256 2883 3370 partibus
2956 3256 3234 3342 nostris
3299 3256 3558 3342 deesse
3627 3257 3754 3341 vi-

772 3378 1114 3468 deamur
1140 3438 1165 3483 ,
1227 3381 1613 3494 ambigua
1661 3385 1740 3463 &
1772 3377 2113 3466 obscura
2147 3444 2175 3484 ,
2240 3384 2761 3467 contractiori
2802 3409 2970 3499 quo
3006 3380 3179 3468 fieri
3216 3382 3473 3498 potest
3506 3383 3752 3467 modo

775 3508 1120 3614 omnino
1183 3507 1561 3591 illustrare
1619 3504 2020 3592 necessum
2083 3505 2193 3591 est
2229 3570 2253 3594 .
2317 3508 2638 3592 Fluvius
2691 3509 2999 3606 Calini,
3060 3508 3164 3593 de
3203 3535 3369 3626 quo
3405 3511 3486 3593 in
3521 3531 3756 3593 textu

780 3631 1092 3716 codicis
1146 3625 1405 3718 sermo
1456 3632 1564 3717 est
1623 3626 1770 3716 sub
1837 3659 2066 3717 num·
2101 3636 2167 3719 Ι.
2223 3630 2394 3746 post
2455 3632 2748 3717 Indum
2812 3695 2839 3732 ,
2904 3633 3283 3746 Gangem
3341 3694 3369 3736 ,
3430 3635 3759 3748 Gagra,

777 3758 1206 3857 Yamuna,
1269 3751 1735 3844 sanctitatis,
1784 3760 2176 3884 opinione
2255 3757 2599 3844 celebris
2669 3763 2752 3844 in
2816 3759 3197 3871 Gangem
3285 3760 3554 3844 influit
3614 3753 3761 3844 sub

748 3882 1039 3995 ,gradu
1086 3910 1224 3988 ²7·
1286 3884 1431 3967 lat.
1463 3881 1833 3986 borealis,
1895 3888 2155 3999 &77-
2222 3886 2414 3995 long,
2475 3884 2944 3970 orientalis.
3013 3883 3307 3970 Statim
3377 3884 3584 3969 infra
3658 3883 3762 3969 ad

777 4006 1001 4093 hunc
1054 4005 1311 4122 ipsum
1368 4006 1716 4093 fluvium
1784 4001 2166 4122 Gangem
2233 4007 2371 4093 fita
2452 4008 2562 4096 est
2616 4006 3149 4125 antiquissima
3220 4010 3494 4094 Indiae
3574 4009 3764 4094 urbs

776 4136 1074 4219 Canusii
1102 4140 1227 4240 (1)
1255 4195 1280 4236 ,
1348 4134 1572 4250 quod
1600 4133 2081 4219 vocabulum
2114 4132 2429 4224 Arabes
2461 4194 2488 4233 ,
2547 4141 2628 4219 δι
2650 4132 2821 4251 post
2855 4160 2997 4219 eos
3023 4134 3420 4222 Renaudot
3441 4138 3530 4221 in
3564 4161 3764 4249 ope·

777 4283 867 4343 re
923 4255 1163 4373 supra
1205 4263 1346 4347 cit.
1387 4284 1566 4374 pag.
1617 4267 1814 4367 169.
1885 4261 2268 4373 corrupte
2335 4253 2612 4343 scribit
2680 4267 3071 4373 Canouge.
3139 4260 3351 4346 Vide
3416 4320 3444 4363 ,
3533 4268 3761 4345 Corte

769 4388 1119 4496 generale
1181 4388 1284 4474 du
1358 4416 1565 4471 cour:
1618 4387 1721 4469 du
1774 4395 2029 4501 Gange
2081 4379 2182 4467 (θ’
2229 4386 2329 4469 du
2377 4391 2632 4496 Gagra
2695 4380 2958 4501 dreffe‘e
2977 4387 3124 4495 fier
3180 4388 3288 4471 les
3319 4404 3558 4471 cartes
3573 4410 3764 4497 par·

3574 4513 3772 4599 ticu-

876 4663 982 4746 (t)
1028 4666 1197 4729 Haec
1220 4664 1556 4749 praecipue
1583 4666 1724 4732 loca
1755 4660 2070 4749 urbesque
2102 4684 2212 4729 an·
2322 4665 2505 4752 ginta
2531 4660 2740 4732 millia
2770 4708 2794 4745 ,
2813 4661 3278 4753 elephantorum
3298 4663 3582 4733 undecim
3604 4661 3765 4731 mi!-

778 4749 1205 4841 tiquiss‘tma&
1227 4753 1606 4820 nobiliffima
1634 4756 1850 4822 Indiae
1877 4776 2035 4839 gens
2056 4756 2212 4819 Pra-
2331 4753 2424 4823 11·ae
2453 4800 2484 4836 ,
2568 4765 2638 4823 er
2661 4773 2876 4840 omnes
2899 4757 3030 4824 δίει
3062 4752 3518 4846 Ἁῲεηᾷἰιηων
3546 4801 3564 4819 .
3614 4756 3763 4820 Pli-

767 4838 860 4923 fiae
895 4839 1248 4930 occupabat
1283 4841 1352 4910 δι
1385 4842 1705 4908 incolebat
1731 4889 1747 4906 .
1796 4847 1946 4928 Regi
1992 4864 2209 4909 eorum
2337 4848 2479 4913 nius
2535 4846 2699 4914 ib06.
2726 4839 2995 4925 Iustam.
3010 4865 3272 4937 cap-19.
3294 4854 3430 4916 Hoc
3453 4847 3583 4919 iam
3604 4862 3764 4913 tem·

766 4936 1062 5023 peditum
1106 4935 1418 5024 sexcenta
1472 4929 1682 4999 millia
1709 4976 1736 5013 ,
1776 4935 2057 5021 equitum
2090 4937 2217 5002 m·-
2338 4954 2499 5022 pore
2516 4935 2853 5006 Alexandri
2873 4939 2972 5004 Μ.
