4299 5782
757 259 921 319 122
994 268 1005 273 ¹

749 390 839 442 ou
882 355 1284 469 reglemens
1334 352 1462 436 des
1524 355 1879 453 Brames,
1938 342 1985 434 ὲ
2034 349 2250 438 Paris
2322 355 2588 459 1778.
2662 351 3013 466 Ρνψσι,
3075 367 3719 466 pag.24.25.26.

761 511 906 589 ²7.
946 486 1084 568 28.
1127 512 1267 587 29.
1334 481 1560 562 Inter
1626 504 1911 564 caecos
1978 476 2425 563 unoculum
2481 476 2633 564 effe
2673 539 2699 579 ‚
2760 504 2855 563 ac
2933 473 3069 565 sua
3138 479 3459 565 oracula
3542 474 3731 564 fun‘-

754 609 950 693 dere
1010 603 1222 721 posse
1287 605 1399 688 D.
1432 603 1946 689 Wilkinfium
1995 604 2516 716 perlubenter
2574 602 2891 689 fateor.
2957 608 3159 703 Hic,
3224 602 3414 686 dum
3480 606 3736 695 multa

757 734 1040 819 Indica
1102 753 1638 815 monumenta
1694 732 1776 811 in
1828 729 2042 812 libro
2076 730 2401 836 Asiatick
2423 728 2820 837 reli-arches
2855 723 3236 843 inscripto
3283 726 3442 811 fine
3479 755 3734 841 gram.

771 860 1122 959 marica,
1185 857 1344 941 fine
1402 851 1920 940 vocabulario
1982 850 2605 940 Samscrdamico
2657 851 2694 956 ‚'
2744 854 3098 970 denique
3178 852 3339 937 fine
3395 856 3738 947 alicuius

764 985 1213 1069 dictionarii
1273 981 1778 1065 Brahmanici
1838 978 2334 1063 adminiculo
2400 980 2804 1064 illustravit
2841 1038 2867 1078 ‚
2961 976 3189 1089 plura
3277 984 3740 1090 intricavit,

681 1205 691 1211 g
766 1112 1219 1223 pervertit,
1286 1100 1844 1190 commiscuit.
1918 1107 2140 1220 Quid
2195 1108 2540 1205 mirum,
2606 1102 3072 1216 siapologos
3103 1102 3511 1190 &fabulas
3541 1108 3740 1195 nulli

775 1236 1104 1318 criterio
1171 1233 1518 1343 illigatus
1579 1231 1681 1314 de
1746 1226 1886 1312 suo
1980 1228 2193 1311 libro
2257 1231 2878 1342 Bagbavatguita
2973 1231 3295 1313 aniliter
3372 1259 3646 1318 narret
3701 1244 3743 1331 2

612 1440 617 1454 ,
762 1359 1067 1445 Halbed
1124 1362 1200 1439 δε
1256 1355 1662 1467 Hastings,
1725 1357 1917 1437 dum
1990 1381 2148 1436 una
2212 1382 2454 1438 manu
2525 1362 2600 1438 &
2683 1382 2848 1437 uno
2927 1355 3168 1438 oculo
3260 1357 3587 1443 Indicos
3650 1360 3746 1443 li-

769 1483 962 1567 bros
1016 1463 1459 1593 legebant,
1522 1482 1769 1565 altera
1813 1506 2051 1563 manu
2109 1483 2188 1561 δι
2240 1482 2483 1562 oculo
2560 1484 2939 1591 pecunias
3003 1483 3596 1583 numerabant,
3660 1491 3742 1569 δε

776 1612 863 1692 in
917 1634 1282 1720 pugnum
1356 1607 1764 1717 cogebant
1812 1613 1974 1705 (1)
2044 1604 2301 1714 Igitur
2339 1632 2488 1687 nec
2547 1607 2649 1687 de
2702 1602 2824 1685 his
2865 1613 3210 1701 mirum,
3279 1604 3330 1686 fi
3366 1603 3741 1721 frequen·

772 1744 901 1817 ter
960 1734 1470 1815 alucinentur
1522 1738 1600 1814 &
1654 1726 2148 1841 caespitent.
2214 1730 2622 1813 Prodeunt
2687 1755 2787 1810 ex
2851 1730 3147 1841 Anglia
3210 1728 3484 1813 similia
3520 1760 3746 1823 com.-

779 1882 1058 1942 menta
1124 1857 1663 1968 frequenter,
1730 1879 1814 1936 ut
1863 1855 2055 1935 olim
2112 1881 2213 1936 ex
2281 1851 2556 1938 Africa
2632 1848 2944 1965 semper
3018 1855 3319 1967 aliquid
3376 1853 3751 1968 prodibat

783 1985 1027 2070 novi.
1096 1982 1472 2066 Laudatis
1541 1975 2153 2069 circulatoribus
2233 1983 2312 2061 δε
2397 1980 2919 2061 novatoribus
3002 1984 3156 2062 iam
3249 1981 3552 2065 dudum
3620 2010 3746 2065 re-

779 2105 1101 2220 spondit
1159 2102 1446 2189 Strabo
1514 2107 1642 2189 lib.
1686 2135 1714 2188 1
1749 2136 1819 2206 ς.
1881 2107 2233 2215 Pleraque
2291 2124 2611 2185 narrant
2691 2129 2792 2185 ex
2877 2106 3139 2186 auditu
3203 2137 3225 2186 ε
3294 2136 3752 2218 quamquam

785 2234 1019 2315 etiarn
1083 2259 1172 2314 ea
1200 2295 1223 2329 ‚
1286 2261 1477 2343 quae
1522 2232 1619 2311 ab
1686 2232 1787 2313 eis
1831 2230 2197 2338 perspec‘ia
2254 2232 2602 2312 dicuntur
2630 2292 2655 2327 ,
2719 2230 2798 2311 in
2849 2233 3160 2338 transitu
3232 2233 3552 2341 quodam
3607 2235 3754 2318 ml.

780 2359 1002 2443 litari
1022 2418 1059 2455 μ
1107 2356 1205 2441 &⁶
1253 2381 1390 2466 pro
1441 2355 1747 2462 discurfit
1801 2354 2230 2462 deprebensa
2261 2355 2450 2457 stent
2500 2410 2522 2433 .
2615 2354 2715 2435 Et
2787 2350 2992 2436 infra
3046 2391 3067 2434 z
3163 2363 3617 2440 Mercatore:
3671 2360 3756 2444 in

786 2492 1117 2596 Gangem
1174 2483 1388 2594 usque
1431 2482 1938 2592 perveniunt,
2003 2500 2229 2592 atque
2284 2479 2363 2564 bi
2413 2478 2711 2590 quidem
2758 2480 3066 2586 privati
3090 2480 3463 2581 homines,
3524 2475 3621 2564 &⁹
3653 2489 3763 2569 ad

782 2611 1097 2695 locorum
1139 2607 1505 2711 historiam
1569 2618 1599 2711 (
1663 2611 1927 2691 minus
1982 2606 2080 2706 ad
2152 2607 2567 2718 religionis
2630 2609 2710 2686 δι
2757 2605 3264 2691 litteraturae
3303 2604 3760 2719 historiam)

781 2740 1083 2822 minime
1136 2733 1428 2817 idonei.

1037 2862 1391 2973 Egregie
1501 2860 1902 2973 Origenes
1993 2881 2278 2942 contra
2345 2849 2671 2941 Celsum
2766 2854 2910 2940 lib.
2985 2882 3055 2939 1.
3122 2883 3305 2972 pag.
3332 2885 3536 2968 417.
3592 2862 3766 2951 edit

788 2989 1065 3071 Paris.
1139 2987 1446 3069 Videtur
1481 2993 1672 3091 sane
1741 2982 1928 3069 mihi
1977 2985 2095 3067 ita
2124 2985 2461 3093 jacere(
2523 2977 2998 3066 semidoctus
3061 2989 3094 3084 )
3142 3043 3168 3083 ‚
3226 3015 3317 3068 ac
3345 2987 3438 3094 si
3482 2987 3763 3100 aliquis

785 3114 866 3196 in
931 3116 1246 3227 Aegypto
1287 3113 1801 3223 peregrinatus
1830 3170 1855 3208 ,
1918 3109 2055 3191 ubi
2057 3111 2432 3217 strpientes
2475 3111 2979 3225 Aegyptiorum
3027 3111 3312 3193 eruditi
3329 3111 3765 3208 litteratura

786 3234 1173 3352 domestica
1230 3238 1467 3316 multa
1516 3234 2099 3345 philostphantur
2154 3236 2246 3317 de
2300 3237 2441 3317 diis
2490 3236 2766 3341 patriis
2818 3293 2844 3333 ‚
2891 3233 3143 3341 plebei
3197 3267 3378 3318 vero
3451 3236 3768 3324 homines

758 3364 1078 3478 fabulas
1136 3360 1490 3473 quasdam
1547 3364 1935 3442 audientes
1959 3423 1977 3454 ,
2045 3390 2365 3471 quarum
2414 3360 2776 3441 rationem
2822 3388 2963 3441 non
3024 3378 3277 3443 tenent
3300 3420 3325 3462 ‚
3386 3363 3769 3448 vehemen-

785 3511 908 3573 ter
934 3491 1099 3597 fibi
1130 3490 1427 3595 placent
1494 3516 1750 3569 earum
1796 3485 2203 3598 cognitione
2236 3546 2260 3585 ,
2305 3504 2522 3596 putet
2560 3485 2651 3588 se
2682 3480 3000 3597 perncste
3052 3515 3334 3570 ornnem
3394 3490 3771 3608 Aegyptio-

787 3643 957 3698 rum
998 3611 1458 3721 fhpientiam
1522 3639 1623 3694 ex
1669 3611 2114 3722 vulgaribus
2201 3611 2564 3721 colloquiis
2617 3668 2640 3710 ,
2705 3637 2870 3692 cum
2942 3613 3232 3693 nemine
3297 3615 3772 3718 sacerdotum

792 3737 1314 3844 converflrtus,
1372 3765 1502 3820 nec
1558 3766 1609 3818 a
1668 3765 2033 3849 quoquam
2087 3764 2332 3818 eorum
2378 3737 2624 3820 doetus
2702 3737 2797 3818 de
2858 3733 3201 3853 mysteriis
3257 3741 3774 3854 Aegyptiacis

794 3866 1007 3988 Quod
1042 3883 1293 3947 autem
1350 3864 1443 3945 tle
1497 3864 2005 3983 Aegyptiorum
2037 3860 2498 3971 sapienttbus
2563 3854 2662 3943 ὁ*
2723 3862 2952 3971 vulgo
3002 3862 3230 3962 dixi,
3292 3865 3490 3947 idem
3514 3866 3773 3951 liceret

790 3991 1019 4074 etiam
1085 3992 1177 4073 de
1244 3990 1468 4096 Persis
1525 3990 1763 4074 dicere
1782 4048 1807 4086 ,
1866 3990 2071 4097 apud
2110 4018 2287 4099 quos
2315 3987 2500 4091 stmt
2546 3984 2880 4099 mysteria
2948 3986 3232 4091 sacra,
3295 4018 3487 4100 quae
3545 3992 3769 4076 certis

794 4116 1206 4200 rationibus
1260 4136 1617 4200 curantur
1667 4143 1720 4198 a
1771 4114 1969 4198 viris
2021 4113 2435 4197 eruditione
2489 4111 3165 4221 praecellentibus·
3229 4142 3281 4195 a
3350 4117 3578 4227 vulgo
3637 4145 3778 4199 au·

3615 4263 3773 4324 tem

877 4362 983 4442 (ι)
1011 4363 1061 4425 L
1067 4361 1269 4429 'btude
1294 4360 1378 4427 du
1402 4353 1804 4429 samskreean
1828 4361 2005 4438 (Sam
2016 4357 2216 4442 scrda)
2345 4356 2575 4466 quibus
2584 4378 2715 4469 per
2742 4356 3136 4427 vocabulum
3153 4353 3427 4427 Tatakene
3451 4363 3550 4428 vel
3577 4361 3784 4428 Talu-

786 4472 828 4517 n
835 4446 933 4530 'est
950 4469 1119 4538 pat,
1163 4472 1330 4519 come
1379 4451 1533 4517 celle
1580 4452 1657 4518 de
1687 4449 1751 4515 la
1787 4448 2008 4537 langue
2058 4454 2224 4515 Per-
2344 4441 2453 4516 ker
2490 4451 2556 4513 in
2582 4449 2656 4515 iis
2683 4470 3027 4516 occurrens
3053 4447 3546 4517 Mubaenuedaenos
3594 4454 3783 4519 intel-

766 4543 1031 4632 saenne,
1074 4547 1150 4606 de
1174 4560 1397 4609 nature
1427 4540 1466 4607 δ
1497 4561 1709 4610 entrer
1740 4541 1901 4608 dans
1936 4539 2222 4629 leservt’·
2347 4539 2516 4626 ligi,
2562 4561 2633 4606 ac
2662 4541 2928 4627 proinde
2954 4541 3089 4626 post
3127 4543 3353 4606 horum
3387 4540 3782 4608 invasionem

783 4652 850 4697 ce
877 4632 1179 4719 lucrans,
1231 4637 1257 4714 (
1285 4632 1517 4698 official
1550 4632 1736 4719 profit
1767 4635 1794 4716 )
1838 4631 1913 4699 de
1937 4629 2000 4697 la
2032 4634 2224 4698 Coen-
2347 4629 2734 4716 compositos
2761 4629 2983 4696 fuisse.
3033 4631 3156 4695 Sed
3190 4634 3359 4697 unde
3374 4650 3613 4698 norunt
3645 4629 3784 4737 ipsi,

770 4724 1088 4811 pagnie.
1159 4724 1461 4807 Anquetil
1524 4725 1613 4791 du
1671 4730 1909 4788 Perron
1957 4719 2063 4788 lib
2107 4723 2220 4789 cit·
2351 4720 2689 4787 diflionem
2733 4714 3058 4786 Tuluken
3041 4742 3106 4783 m
3137 4723 3338 4808 prima
3389 4721 3492 4787 sua
3534 4724 3782 4805 origine

764 4829 923 4902 pag
942 4807 1089 4895 560.
1115 4812 1457 4878 Librorum
1486 4814 1854 4881 Indicorum
1883 4815 2230 4895 antiquita·
2350 4807 2855 4878 Mubaemedanot
2920 4812 3199 4894 potius,
3241 4835 3437 4900 quam
3491 4813 3779 4882 Tartaro}

774 4920 912 4971 tem
956 4902 1162 4989 aliqui
1214 4903 1596 4992 impugnant
1643 4901 1963 4971 dicendo·
2015 4903 2082 4967 in
2119 4903 2231 4971 ali·
2352 4918 2467 4971 aut
2493 4898 2743 4983 διψῶσι·
2772 4898 3128 4991 fignificass'e
3148 4905 3183 4966 ἲ
