4299 5782
3341 302 3514 385 τις

566 433 656 524 4.
708 404 1081 496 manibus
1150 397 1569 489 insti-ustus
1602 458 1630 489 .
1688 397 1884 489 Una
1941 394 2305 514 gladium
2355 456 2384 500 ‚
2442 397 2693 486 altera
2755 392 3048 486 hastam
3092 422 3235 488 aut
3290 400 3527 520 sagit·

570 559 781 635 tam,
844 560 1007 618 una
1067 531 1577 628 buccinum,
1636 527 1889 613 altera
1982 529 2328 612 ciacram
2395 531 2652 641 gerit.
2709 524 2784 612 A
2832 550 3066 641 tergo
3113 529 3528 619 allidet-fa..

568 664 893 749 mulus.
955 657 1232 757 Infra,
1293 658 1428 742 dei
1484 654 1729 742 huius
1793 653 2222 740 bellatores
2256 647 2450 740 socii
2497 654 2758 742 Indici
2809 647 3034 740 scuta
3082 663 3175 746 δι
3207 657 3521 773 gladios

572 788 943 876 manibus
1008 784 1368 871 ferentes
1425 784 1717 896 appicti
1780 776 2016 865 sunt.

824 916 1066 996 Num.
1101 914 1317 998 XIV.
1424 909 1695 993 Visbnu
1759 909 1844 990 iu
1907 907 2333 1019 Narssnba
2388 900 2527 993 seu
2587 905 2672 991 in
2737 906 3213 1014 fimiteonem
3264 912 3345 994 δι
3396 909 3530 1017 fi-

557 1039 1038 1128 m‘hominem
1085 1040 1607 1122 incarnatus.
1644 1013 2085 1120 Monstrum
2119 1032 2676 1128 horrendum,
2732 1034 3052 1148 ingens,
3092 1013 3529 1137 dentibus,-

573 1169 835 1267 ιίἂιι,
869 1164 1125 1252 oculis
1160 1149 2010 1247 terroremiueutiens.
2044 1159 2255 1246 Vide
2289 1155 2456 1278 syst.
2487 1156 3099 1246 Brahmanicum
3125 1188 3312 1277 pag.
3328 1172 3536 1271 296.

823 1295 1065 1386 Num.
1095 1291 1272 1373 XV.
1367 1287 1639 1373 Visbnu
1710 1288 1792 1369 in
1861 1285 2172 1372 Rrsbna
2223 1290 2685 1370 incarnatus
2741 1281 2966 1371 sedet
3033 1290 3117 1373 in
3175 1287 3529 1388 arbore,

578 1412 794 1502 faeie
853 1420 932 1500 δι
983 1439 1324 1528 corpore
1375 1416 1611 1527 ιιί3ιο
1637 1412 2069 1498 caeruleo.
2136 1412 2525 1497 Mulieres
2556 1409 2766 1496 duae
2801 1406 2946 1496 sub
2966 1411 3304 1512 arbore,
3357 1416 3533 1529 qui

574 1538 732 1626 bus
780 1543 1078 1627 Krsbna
1134 1536 1378 1624 vestes
1435 1537 1896 1651 surripuit,
1987 1542 2069 1623 &
2135 1540 2216 1620 in
2274 1525 2649 1622 arborem
2710 1531 3054 1732 sublatas
3112 1536 3536 1630 restituere

579 1665 905 1765 noluit,
957 1665 1101 1751 nifi
1162 1691 1351 1749 eum
1424 1666 1752 1750 elevatis
1818 1660 2192 1748 manibus
2243 1662 2718 1747 adorarent.

827 1793 1310 1878 Num.XVI.
1414 1790 1687 1875 Virbnu
1744 1789 1825 1871 in
1890 1787 2184 1901 Caligbi
2239 1790 2704 1874 incarnatus
2753 1849 2779 1885 ‚
2879 1785 3191 1874 infidet-
3226 1813 3323 1876 ut
3389 1816 3538 1876 rex

579 1941 806 2031 equo
837 1917 1152 2015 viridi,
1221 1939 1572 2030 quatuor
1636 1913 2005 2000 manibus
2067 1911 2482 1998 instrussus
2548 1911 2713 2013 est,
2766 1937 3107 2027 quarum
3167 1925 3326 2004 uua
3369 1918 3539 2031 gla-

575 2045 836 2144 dium,
892 2043 1141 2128 altera
1179 2043 1493 2155 frenum
1545 2042 1745 2155 equi
1800 2103 1823 2139 ,
1913 2038 2072 2125 alia
2158 2040 2483 2125 ciac-rim
2515 2095 2538 2134 ‚
2598 2039 2750 2123 alia
2812 2037 3193 2124 buccinum
3255 2045 3472 2154 gerit
3509 2100 3538 2129 .

579 2166 797 2253 Astat
853 2167 1100 2252 Indus
1159 2167 1586 2253 umbellam
1657 2161 1930 2253 ferens
1981 2224 2009 2251 .
2081 2167 2410 2251 Numen
2494 2160 2706 2250 facie
2774 2161 3209 2252 exhibetur
3288 2171 3539 2258 flava.

455 2325 464 2330 ·
576 2291 760 2378 Loti
813 2295 1046 2379 flores
1103 2286 1331 2406 spatii
1389 2319 1536 2407 per
1601 2316 1787 2376 aera
1819 2358 1843 2383 .

833 2424 1077 2504 Num.
1108 2421 1361 2511 XVII.
1446 2416 1578 2502 Ad
1634 2414 1890 2503 latera
1968 2417 2210 2501 unius
2300 2412 2613 2502 arboris
2672 2414 3208 2502 Arekamram
3278 2418 3545 2506 dffiae
3680 2437 3695 2438 ’

583 2570 746 2630 uua
811 2542 1073 2658 figura
1122 2543 1336 2631 faeie
1380 2541 1618 2628 viridi
1680 2602 1709 2645 ,
1799 2542 2059 2629 altera
2110 2540 2325 2627 faeie
2387 2542 2642 2626 rubea
2675 2600 2702 2637 ,
2770 2567 3114 2657 utraque
3184 2544 3541 2632 humana

581 2673 832 2769 virili,
883 2675 966 2754 δε
1025 2697 1249 2755 more
1307 2669 1649 2753 deorum
1714 2670 2001 2754 induta
2068 2666 2236 2766 est,
2280 2661 2419 2751 sed
2477 2667 2884 2778 incapite
2928 2672 3247 2755 mitram
3281 2673 3365 2754 in
3405 2697 3541 2757 cu·

582 2789 889 2907 spidem
946 2820 1421 2908 vergentem
1478 2791 1773 2904 gestat,
1838 2817 2049 2909 quae
2081 2794 2238 2876 diis
2265 2794 2428 2874 nou
2458 2787 2975 2908 appingitur·
3037 2790 3350 2880 Ambae
3377 2796 3542 2881 ele-

430 2966 439 2977 ,
573 2923 782 3004 vatis
840 2922 1210 3006 manibus
1264 2919 1567 3004 dextris
1630 2923 1711 3005 δι
1755 2920 2047 3034 pollice
2106 2942 2202 3001 ac
2249 2917 2522 3002 indice
2576 2914 3075 3030 compresso,
3130 2947 3353 3006 more
3403 2925 3542 3008 Iu-

461 3091 468 3097 ·
571 3044 768 3129 dieo
825 3047 1336 3162 loquuntur,
1395 3071 1485 3129 ae
1553 3046 1769 3150 inter
1825 3042 1905 3130 se
1957 3041 2449 3131 conferunt.
2512 3042 2918 3128 Videntur
2968 3041 3123 3129 else
3156 3048 3535 3162 gigantes

571 3196 634 3256 a
678 3172 982 3280 Kamstz
1045 3192 1240 3287 rege
1323 3166 1575 3268 misti,
1640 3173 1855 3260 iuter
1936 3165 2020 3256 se
2119 3163 2696 3269 conferentes,
2760 3195 2929 3286 quo
2988 3177 3225 3319 paeto
3292 3173 3544 3260 deum

576 3298 886 3386 Rufina
940 3297 1324 3382 occidere
1377 3292 1728 3411 poffint.

832 3424 1391 3517 Num.XV111.
1476 3419 1710 3508 Aliae
1775 3418 1985 3507 duae
2047 3414 2356 3534 figurae
2438 3416 2840 3506 humanae
2913 3418 3182 3507 nudae
3248 3418 3542 3510 stantes

580 3552 664 3633 δι
728 3552 940 3637 inter
1015 3546 1091 3634 se
1152 3546 1717 3639 conferentes,
1779 3549 1976 3634 Una
2060 3542 2497 3630 exhibetur
2583 3546 2858 3632 colore
2939 3545 3201 3633 rubeo
3257 3544 3546 3652 fusco,

582 3670 836 3759 altera
904 3679 1403 3790 nigerrimo.
1449 3675 1734 3759 Mitras
1789 3668 2241 3787 ‚cuspidatas
2308 3672 2390 3756 in
2447 3675 2714 3788 capite
2784 3676 3141 3788 gestant,
3194 3701 3296 3759 ex
3330 3673 3548 3762 collo
3604 3740 3615 3745 -

584 3791 794 3883 serta
846 3804 925 3884 δε
994 3803 1326 3886 monilia
1373 3798 1733 3915 pendent
1778 3861 1806 3898 ,
1894 3802 1978 3881 in
2036 3796 2312 3883 fronte
2358 3794 2587 3910 figno
2639 3794 3010 3886 Bhaevami
3053 3801 3256 3885 deae
3317 3825 3546 3885 exot-

586 3926 756 4009 nati
814 3919 1002 4011 sunt
1033 3985 1055 4009 .
1102 3928 1329 4012 Zona
1371 3924 1766 4010 humerali
1799 3922 2326 4027 Brahmaniea
2382 3946 2666 4008 carent
2699 3982 2720 4005 .
2774 3927 2983 4009 Sunt
3035 3924 3205 4019 duo
3250 3928 3544 4040 gigap-

587 4056 710 4134 te's
764 4047 864 4134 ad
925 4049 1230 4136 Krsbna
1292 4048 1836 4136 occidendum
1898 4047 2220 4136 confilia
2266 4049 2648 4133 ineuntes
2685 4112 2707 4134 .
2772 4050 2896 4135 Ειι
2961 4052 3187 4133 omni
3254 4047 3542 4138 harum

583 4171 1025 4290 figurarum
1088 4203 1383 4263 ornatu
1428 4198 1761 4292 apparet
1800 4236 1827 4276 ‚
1866 4197 2398 4261 monumenta
2452 4170 2657 4260 haee
2703 4200 2903 4262 orae
2938 4174 3296 4283 asturiae
3328 4172 3483 4260 esse
3508 4235 3536 4261 .

831 4304 1076 4392 Νιιιιι.
1102 4307 1309 4389 XIX.
1393 4302 1700 4388 Krsbna
1753 4296 1890 4388 seu
1966 4301 2237 4387 Vishnu
2279 4303 2366 4409 iu
2399 4300 2701 4388 Knbna
2747 4302 3263 4400 incarnatur,
3324 4297 3539 4387 facie

577 4423 864 4528 viridi,
929 4455 1090 4515 una
1153 4455 1396 4515 manu
1466 4429 1907 4530 buccinum,
1963 4428 2214 4515 altera
2292 4429 2674 4530 elac-ram,
2726 4452 2911 4514 uua·
2890 4427 3122 4512 ϊίαω
3187 4424 3543 4515 frudun

586 4555 853 4663 gerit,
917 4581 1205 4672 quarta
1257 4554 1771 4675 elephantem
1811 4556 2090 4643 domat
2134 4559 2217 4640 δι
2276 4551 2639 4654 instruit,
2708 4557 2842 4639 eui
2893 4552 3245 4639 ῑιιιᾶιιιιι
3331 4554 3542 4640 clara

585 4676 989 4769 edendum
1026 4683 1407 4796 praebet.
1422 4682 1918 4797 Appingitur
1951 4703 2299 4796 pratum,
2320 4708 2408 4767 ιιι
2450 4705 2624 4798 quo
2654 4674 3011 4770 versatus
3044 4677 3156 4766 est
3183 4679 3541 4779 Krshna,

585 4824 682 4888 ac
734 4805 963 4919 palus
1026 4806 1182 4900 seu
1200 4806 1558 4929 sangae,
1607 4811 1695 4899 iu
1760 4834 1926 4930 qua
1981 4803 2238 4930 pisces
2287 4812 2367 4897 δι
2424 4806 2813 5024 ειοὲοάιιί
2863 4830 3276 4909 natantes,
3333 4829 3541 4919 quos

2474 4935 2534 5025 1²
2669 4962 2716 5020 2
2938 4966 2951 4975 ·
3256 4954 3547 5016 omues
