4299 5782
802 311 969 368 202

777 408 1159 518 portantis
1214 437 1305 491 ac
1356 409 1681 522 regentis
1749 408 2290 494 attribuitur.
2359 411 2556 527 Quo
2592 408 2932 524 quidem
2970 404 3287 521 seeptro
3340 400 3473 495 seu
3520 412 3794 497 Ciacrae'

800 537 1161 619 rotundo
1214 541 1292 618 &
1357 538 1702 635 mobili,
1770 537 2061 622 baculo
2099 537 2533 650 impolito,
2597 538 2790 620 dum
2841 535 3316 637 evibratur,
3375 536 3630 621 hostes
3655 567 3788 625 oc·

792 660 1117 760 cidere,
1183 661 1431 745 malos
1491 665 1785 775 punire
1829 724 1852 759 ,
1920 658 2341 778 bonosque
2369 688 2804 775 protegere
2842 665 3171 776 regibus
3200 659 3516 747 solitum
3544 662 3776 751 fuisse

647 887 650 888 ⁷
794 786 974 869 Indi
1026 783 1470 898 perhibent
1525 795 1734 891 (ι).
1805 788 2241 872 Inferiores
2321 791 2520 871 duas
2615 816 2895 873 manus
2990 789 3349 899 supernis
3418 815 3772 876 annexas

796 913 1071 997 Vishnu
1110 912 1311 998 deus
1342 915 1644 1026 gestat,
1696 941 1743 997 a
1784 941 2027 999 caeca
2080 915 2212 996 illa
2268 914 2729 1026 gentilitate
2788 915 3053 999 eidem
3096 907 3560 1012 afli-&asad
3612 942 3768 1001 ma·

789 1040 1050 1123 iorem
1113 1039 1730 1152 gubernationis
1769 1043 2045 1122 mundi
2102 1066 2488 1124 conatum
2520 1067 2612 1125 ac
2647 1032 3030 1130 virtutem
3096 1034 3693 1150 significandam
3734 1101 3766 1144 ,

794 1187 1048 1279 atque
1113 1164 1240 1248 his
1294 1192 1648 1281 quatuor
1703 1166 2084 1269 manibus
2142 1168 2462 1247 numini
2528 1167 2941 1249 attributis
2992 1168 3222 1277 Magi
3260 1166 3521 1250 Indici
3583 1161 3771 1257 sane

790 1290 1201 1390 indicant,
1265 1291 1511 1376 deum
1573 1291 1794 1374 illum
1860 1318 2023 1396 non
2094 1287 2568 1388 hominem,
2637 1317 2798 1373 non
2841 1289 3176 1373 heroem
3213 1348 3237 1388 ‚
3303 1284 3440 1398 sed
3497 1288 3771 1377 caele·

787 1413 978 1499 stem
1035 1418 1369 1528 genium
1426 1442 1520 1500 ac
1566 1443 1865 1500 numen
1917 1414 2448 1527 allegoricum
2508 1411 2713 1502 effe.
2780 1417 2900 1498 Ex
2961 1415 3086 1498 his
3140 1414 3454 1500 duabus
3516 1442 3762 1501 unam

786 1538 1219 1655 penfilcm,
1281 1544 1642 1657 quietam
1698 1567 1790 1625 ac
1852 1539 2140 1626 femori
2200 1542 2691 1654 applicatam
2722 1540 2970 1623 habet
3010 1601 3036 1640 ,
3096 1539 3430 1623 alteram
3504 1538 3770 1650 pensi·

786 1665 950 1752 lem
1011 1668 1397 1782 quidem,
1435 1663 1596 1752 ‘sed
1653 1667 1912 1779 palma
1954 1665 2375 1779 spefiatori
2435 1660 2768 1750 obversa
2824 1695 2873 1750 e
2932 1667 3208 1749 medio
3248 1683 3541 1746 manus
3579 1667 3763 1750 ada·

788 1817 1150 1878 mantem
1204 1789 1552 1895 ostendit
1613 1851 1640 1892 ‚
1699 1791 2037 1877 fortaffis
2099 1794 2515 1902 opulentiae
2610 1795 2686 1871 &
2735 1793 3150 1905 firmitatis
3247 1785 3694 1904 symbolum
3730 1853 3760 1893 ,

790 1942 964 2030 quo
1019 1912 1312 2002 terram
1386 1945 1645 2033 aquae
1703 1916 2137 2002 ministerio
2199 1917 2636 2002 fecundam
2701 1918 3029 2015 reddit,
3099 1923 3177 2000 δε
3236 1908 3377 1997 suo
3445 1917 3759 2001 ambitu

787 2067 884 2154 ae
944 2039 1284 2127 humore
1344 2039 1813 2128 conservat.
1878 2046 2108 2128 Serta
2172 2041 2473 2127 florum
2547 2070 2648 2125 ex
2742 2068 3090 2157 utroque
3189 2037 3520 2124 brachio
3612 2039 3761 2126 filo

785 2168 1086 2254 innexa
1131 2167 1587 2270 defluunt,
1651 2196 1859 2284 quae
1920 2170 2132 2252 idem
2204 2167 2645 2254 fertilitatis
2730 2167 3039 2251 donum
3113 2162 3553 2277 significare
3630 2169 3756 2250 vi-

788 2291 1150 2382 dentur&
1207 2295 1491 2378 Pestus
1554 2296 1905 2379 numinis
1977 2294 2284 2378 nudum
2348 2290 2456 2375 est
2512 2351 2538 2391 ‚
2632 2288 2767 2377 sed
2837 2295 2916 2373 in
2976 2294 3244 2375 antica
3328 2286 3441 2374 sui
3532 2318 3762 2404 parte

789 2418 1271 2531 torquibus,
1333 2419 1770 2508 monilibus
1835 2478 1863 2515 ,
1937 2414 2540 2533 unionibusque
2597 2443 3075 2501 exornatum
3151 2478 3174 2514 .
3218 2421 3473 2500 inter
3539 2445 3751 2531 quos

705 2559 710 2564 ·
789 2546 1100 2627 eminet
1166 2544 1481 2628 adamas
1515 2543 2049 2627 addextrum
2095 2546 2439 2656 pectoris
2495 2544 2705 2625 latus
2767 2539 2952 2625 fitus
3011 2601 3040 2642 ,
3135 2544 3217 2623 in
3280 2568 3447 2657 quo
3488 2547 3571 2624 δε
3624 2571 3762 2628 ve-

786 2691 1005 2753 teres
1074 2668 1353 2753 Indiae
1422 2695 1659 2782 reges
1713 2668 2062 2753 Ksbetrla
2115 2672 2309 2753 dieti
2381 2667 2893 2753 adamantem
2953 2663 3255 2779 gestare
3338 2663 3761 2771 solebant,

790 2819 881 2878 ut
944 2822 1047 2879 ex
1106 2794 1511 2909 aliquibus
1573 2796 1897 2908 pisturis
1967 2818 2346 2908 apparet.
2415 2793 2545 2877 Ad
2604 2790 2977 2877 finistram
3059 2793 3403 2905 pectoris
3486 2783 3760 2906 fulget

783 2921 1032 3005 eiacra
1086 2982 1112 3018 ‚
1177 2926 1256 3003 ἀ
1305 2924 1387 3005 in
1455 2921 1724 3006 medio
1792 2922 2210 3034 triangulus
2265 2948 2370 3006 ex
2413 2921 2687 3003 rubeis
2749 2944 2834 3002 et
2897 2918 3380 3003 micantibus
3444 2922 3762 3005 unioni·

781 3038 939 3129 bus
999 3042 1551 3157 cumpofitus,
1616 3048 1760 3160 qui
1827 3051 2129 3158 pariter
2190 3046 2742 3159 generationis
2815 3040 3327 3156 principium·
3400 3068 3489 3129 et
3563 3039 3761 3161 sym,

779 3168 1062 3259 bolum
1118 3166 1269 3255 effe
1327 3172 1650 3256 videtur
1684 3176 1807 3272 (2)
1841 3231 1863 3255 .
1933 3170 2406 3259 Umbilicus
2435 3175 2541 3255 ad
2563 3169 2902 3279 formam
2937 3171 3281 3254 tamar-de
3313 3166 3449 3254 feu
3479 3171 3762 3255 Padma

629 3368 632 3371 .
774 3296 862 3398 jd
923 3295 1031 3378 est
1079 3295 1220 3378 loti
1274 3295 1764 3382 constructus
1829 3294 2014 3397 est,
2078 3320 2487 3411 atque‘ex
2556 3294 2715 3381 hoc
2783 3292 3170 3387 umbilico
3254 3294 3756 3417 nymphaeae

776 3419 1019 3507 floris
1075 3420 1413 3505 formam
1464 3400 1960 3521 exhibente,
1988 3356 2407 3534 'totiusque
2445 3420 2805 3506 humoris
2871 3447 2958 3503 et
3005 3424 3290 3505 caloris
3352 3425 3756 3533 principio

725 3570 863 3628 'et
925 3543 1295 3691 symbolo
1354 3574 1714 3631 creatum
1784 3544 2011 3630 fuisse
2080 3548 2405 3630 Brabma
2465 3543 2597 3628 seu
2666 3570 2967 3636 terram
3010 3548 3443 3663 perhibent
3508 3546 3753 3648 Indi,

780 3672 994 3753 unde
1057 3675 1300 3755 etiam
1369 3673 1613 3756 deum
1676 3670 2065 3755 Brahma
2041 3700 2123 3753 in
2172 3676 2314 3756 loto
2372 3666 2787 3756 sedentem
2829 3671 3231 3757 collocant
3267 3680 3436 3775 (3),
3500 3698 3753 3786 atque

773 3824 877 3881 ex
944 3793 1102 3882 hoc
1164 3799 1326 3881 deo
1383 3801 1655 3881 omnia
1713 3798 2020 3911 reliqua
2084 3824 2411 3911 praeter
2467 3823 2763 3908 aquam
2834 3823 3105 3882 creata
3141 3795 3366 3880 fuisse
3398 3799 3758 3908 perlon-

772 3918 1412 4034 gas-fabularum
1481 3917 1864 4034 ambages
1934 3924 2265 4008 tradunt
2331 3988 2351 4009 .
2426 3922 2699 4006 Visbnu
2782 3920 2967 4006 heic
3032 3918 3477 4036 descriptus
3539 3921 3762 4009 Sam·

766 4043 1206 4135 sctdamice
1272 4075 1608 4135 vocatur
1664 4047 2239 4148 Padmana'bha,
2257 4048 2383 4135 id
2446 4046 2553 4133 est
2594 4052 2735 4133 loti
2748 4049 2987 4159 floris
3007 4050 3427 4132 umbilicum
3443 4078 3706 4161 gerens
3726 4110 3759 4152 ,

763 4200 952 4259 nam
1013 4180 1296 4309 Padma
1337 4174 1555 4259 lotus
1616 4169 1748 4305 seu
1809 4176 2157 4314 nymphea
2218 4172 2330 4259 est
2399 4234 2425 4277 ,
2490 4175 2739 4259 nabha
2798 4197 3070 4258 autem
3106 4176 3561 4299 umbilicum
3631 4171 3758 4260 so-

3610 4326 3750 4389 nat

846 4549 956 4627 (ι)
1006 4554 1089 4614 R.
1098 4553 1167 4614 Ρ.
1154 4526 1452 4617 '‘Mat-eus
1461 4502 1880 4623 aTumbain
1907 4551 2044 4616 eod.
2048 4549 2200 4634 ruff-¹
2314 4541 2509 4617 Paris.
2564 4548 2732 4617 Vide
2794 4550 2876 4618 de
2927 4540 3547 4638 mugatofsystem·
3574 4548 3761 4614 Brah

750 4635 967 4723 insol
1005 4642 1068 4701 in
1102 4637 1322 4705 museo
1352 4644 1663 4726 Boi-ginno
1703 4657 1855 4728 pag
1891 4662 2039 4720 140.
2067 4644 2186 4727 qui
2316 4643 2643 4706 mat-»icum
2683 4658 2817 4733 pag
2865 4662 3032 4727 242.
3084 4649 3156 4707 d·
3201 4645 3315 4734 seq
3410 4658 3563 4721 ²07·
3597 4656 3757 4720 219.

754 4726 1076 4811 sceptrum
1139 4725 1248 4794 seu
1293 4732 1511 4797 ciaon
1569 4748 1808 4800 vocat.
1847 4726 2106 4812 bastone
2113 4732 2189 4799 di
2329 4735 2483 4798 226.
2505 4750 2624 4817 3¹·
2660 4753 2769 4817 32.
2800 4753 2912 4819 33.
3037 4775 3045 4783 -

748 4816 1167 4888 cominando·
2411 4825 2518 4901 (³)
2552 4822 2824 4899 Syslema
2849 4820 3491 4908 Brahmanicumpag
3476 4838 3657 4887 120·
3663 4835 3755 4907 32

841 4913 976 4996 (2)
1003 4904 1603 4994 Plutarcminifide
1647 4930 1808 5002 pag..
1827 4916 1991 5000 3⁶2·
2017 4911 2195 4982 edit·
2319 4902 2548 5013 &sep
2566 4930 2732 5057 ato.
2764 4928 2917 5033 soa.
2942 4911 3169 5001 eseq-
