4299 5782
2958 333 2965 334 ⁷
3347 331 3519 411 251:

1050 499 1058 508 .
1178 428 1708 514 CIVILIS
1791 419 2334 513 CULTUS
2584 435 2595 440 ’
2842 425 3514 534 Ordomuset'Bor-

2572 568 2581 575 ‘
2630 547 2637 556 ‘
2913 555 3138 665 giani
3170 561 3238 632 V
3231 558 3465 642 elitrls
3491 622 3510 645 .

792 676 1164 763 (tanat-ini
1206 681 1282 762 &
1341 680 1672 765 Banianl
1740 673 2259 764 mercatores?
2307 702 2678 770 recentes
2742 734 2767 761 .
2898 683 3139 762 Num.
3178 706 3320 786 35.
3388 740 3406 770 s
3555 704 3563 712 ’

542 803 950 888 Ineditum
987 862 1009 885 .
1257 851 1260 856 -
2280 801 2294 812 “

794 929 1132 1038 Nestane·
1188 923 1323 1014 seu
1392 927 1793 1015 christiani
1844 934 1925 1017 S.
1981 925 2356 1012 Thomae
2445 929 2524 1012 in
2598 930 2766 1014 Ma·
2888 917 3143 1014 Num.¹
3179 957 3317 1034 55.

543 1054 884 1140 labaria.
952 1057 1359 1140 Ineditum
1394 1115 1419 1140 .
2642 1113 2654 1120 —

801 1182 1372 1266 Muhamedani
1451 1183 1533 1265 in
1624 1181 2064 1267 Malabaria
2132 1182 2448 1292 Mapule
2522 1181 2760 1264 dieti.
2887 1184 3130 1265 Num.
3180 1207 3315 1284 50.
3373 1194 3513 1291 56.

546 1303 952 1390 Ineditum
990 1366 1014 1391 .
1775 1357 1786 1368 κ
2940 1325 2947 1332 ’
3500 1345 3521 1374 ·-

549 1439 735 1542 Cego
799 1429 933 1517 seu
973 1424 1203 1515 Olina
1236 1490 1263 1530 ,
1299 1427 1548 1516 claffis
1620 1428 1755 1518 seu
1800 1431 2061 1516 tribus
2088 1435 2366 1544 ‚quae
2426 1431 2774 1549 palmeta
2898 1433 3141 1515 Num.
3185 1457 3326 1541 54.

544 1583 828 1655 curat,
888 1561 1341 1670 vinumque
1394 1584 1496 1641 ex
1557 1558 1902 1644 nucibus
1973 1586 2132 1640 coco
2182 1557 2407 1641 elicit
2456 1622 2481 1646 .
2536 1557 2763 1641 Ined.

793 1678 1098 1769 Parava‘
1153 1681 1570 1768 sindonum
1632 1707 1996 1770 textores
2048 1684 2131 1766 in
2200 1708 2343 1769 ora
2394 1678 2778 1769 Piscaria.
2906 1687 3147 1767 Num.
3187 1708 3328 1790 53.

542 1809 951 1895 Ineditum
986 1868 1009 1894 .
1869 1831 1880 1840 “
2500 1829 2517 1842 ’

552 1934 558 1941 ’
796 1937 1183 2020 Mukaver
1239 1930 1374 2021 seu
1438 1932 1868 2052 piscatores
1902 1993 1925 2020 .
1989 1934 2218 2023 Ined.
2897 1938 3141 2019 Num.
3175 1959 3322 2042 43.

737 2103 744 2114 ·
793 2063 1117 2147 Kakaler‘
1178 2059 1313 2148 seu
1351 2059 1960 2164 circulatores(
2014 2061 2421 2145 ciarlatani
2463 2120 2482 2141 .
2547 2064 2581 2158 )
2660 2063 2764 2144 Hi
2882 2064 3133 2146 Num.
3172 2081 3319 2170 45.

542 2178 960 2296 serpentes
1024 2214 1419 2290 evocant,
1479 2190 1820 2286 ludunt,
1888 2211 2243 2288 canunt,
2306 2184 2617 2284 simias,
2677 2189 2756 2268 δε

543 2305 958 2421 serpentes
1011 2309 1452 2397 cu'cullatos
1521 2313 1621 2395 ad
1683 2310 1963 2396 saltum
1998 2372 2024 2412 ‚
2084 2312 2186 2396 ad
2218 2335 2629 2424 pugnam,
2687 2314 2773 2393 δε

538 2432 818 2520 ludum
880 2437 1363 2549 impellunt.
1433 2438 1891 2523 Ineditum.

802 2558 1145 2661 Vla‘den,
1212 2561 1457 2649 clanis
1512 2562 1869 2648 silvestris
1937 2621 1960 2661 ,
2024 2562 2243 2648 rudis
2292 2620 2319 2660 ,
2367 2559 2704 2645 barbara
2738 2620 2764 2658 ,
2891 2563 3133 2649 Num.
3177 2588 3320 2669 3²·
3394 2671 3395 2674 w

541 2683 944 2771 montium
994 2694 1070 2772 δι
1101 2689 1530 2799 dignorum
1574 2690 1829 2772 custos
1859 2747 1878 2766 .
1946 2687 2367 2770 Ineditum
2412 2746 2435 2768 .
2716 2765 2727 2774 .

793 2817 1068 2932 Pelleya
1146 2813 1321 2897 aliis
1413 2814 1737 2932 Poulleya
1809 2809 2213 2923 agricolae
2285 2811 2683 2925 mancipia
2739 2868 2764 2896 .
2889 2812 3131 2898 Num.
3177 2835 3326 2921 30.

539 2936 873 3022 Editum
909 2939 1112 3026 dab.
1144 2957 1393 3023 xxxll.
1443 2936 1622 3055 syst.
1676 2938 1994 3023 Brahm.
3191 3002 3207 3017 a
3350 3050 3358 3054 1

804 3064 1164 3176 Topazes
1223 3059 1357 3148 seu
1417 3058 1912 3164 Dvibbishe',
1979 3065 2055 3146 in
2123 3089 2266 3147 ora
2323 3061 2770 3147 Coroman·
2890 3064 3134 3150 Num.
3183 3063 3323 3168 58⁴
3461 3120 3464 3125 -

544 3185 813 3272 delica
877 3188 1262 3287 Dabat-hl,
1325 3215 1426 3272 ex
1478 3190 1974 3306 etymologia
2053 3185 2167 3271 sui
2259 3189 2602 3274 nominis
2658 3190 2769 3271 in·

542 3332 908 3424 ter-preces
952 3312 1086 3399 seu
1153 3315 1320 3398 duo
1375 3314 1757 3415 idiomata
1817 3315 2233 3413 calentes,
2301 3338 2551 3400 unum
2639 3315 2763 3400 In-

551 3441 828 3525 dicum
865 3502 890 3543 ,
953 3443 1169 3527 aliud
1225 3442 1789 3557 Europaeum.
1860 3440 2270 3529 laeditum
2304 3498 2332 3526 .

2610 3571 2762 3655 Ba·

522 3739 747 3814 9⁴3⁴·
772 3730 844 3791 θ’
903 3750 1000 3816 84·
1030 3776 1052 3809 2
1100 3728 1203 3798 sed
1240 3735 1620 3823 cumprimis
1664 3741 1737 3807 Ρ.
1766 3738 1964 3804 Con-
2088 3756 2331 3806 cornua
2354 3736 2577 3802 colore
2602 3733 2794 3801 rubro
2818 3732 3057 3821 appi&
3089 3731 3253 3818 gerit
3276 3775 3300 3811 ,
3344 3724 3419 3797 δι
3447 3727 3516 3798 in

535 3815 791 3881 ssantini
818 3849 850 3884 a
921 3820 1151 3888 Asculo
1200 3824 1562 3892 Miffionarii
1591 3828 1953 3914 Nepalenfis
2092 3827 2305 3895 medio
2361 3848 2590 3893 eorum
2651 3824 2893 3892 duabus
2923 3826 3177 3891 lineolis
3206 3823 3362 3888 albis
3393 3822 3526 3888 de-

533 3906 685 3974 eod.
727 3907 860 3975 mis.
909 3909 1164 3984 Notizie
1190 3906 1522 3981 &harche
1552 3962 1572 3994 ‚
1619 3920 1685 3981 in
1718 3916 1957 3983 bibliot.
2090 3918 2399 4001 scriptum
2430 3914 2720 3980 ahmane·
2742 3917 2899 3980 deae
2950 3917 3100 3993 yoni
3134 3960 3151 3977 .
3200 3915 3334 3996 Fig.
3371 3930 3513 3994 174.

537 3999 609 4062 8.
638 4000 960 4083 Congr-de
985 4006 1173 4086 Prop.
1206 4003 1355 4068 Fide
1385 4009 1692 4091 pag.216.
1719 4001 1963 4086 nistret·
2076 4026 2235 4096 pag.
2260 4025 2372 4089 97.
2419 4026 2610 4092 caput
2666 4002 2945 4068 feminae
2993 3999 3353 4086 Nepalenfis
3380 4042 3400 4070 ‚
3448 4002 3518 4066 in

441 4162 444 4167 .
534 4100 605 4153 ta
634 4089 878 4161 notizie!
894 4090 1054 4158 delle
1074 4086 1226 4173 caste
1250 4138 1272 4161 .
1322 4097 1397 4158 In
1417 4095 1540 4159 hoe
1572 4097 1977 4183 codicepaeg.·
2091 4104 2274 4163 cuius
2305 4094 2509 4161 media
2530 4093 2745 4161 fronte
2777 4095 2967 4160 exstat
3014 4089 3369 4183 triangulus
3417 4110 3520 4156 ru-

536 4172 818 4266 91·fig·¹
835 4204 863 4260 5
882 4197 945 4266 ς.
970 4183 1170 4268 pistor
1194 4182 1555 4269 Nepalenfis
1591 4186 1747 4254 vivis
1772 4190 1963 4252 colo·
2051 4229 2066 4239 -
2091 4187 2246 4253 beus
2272 4231 2295 4264 ‚
2349 4187 2413 4269 ira
2447 4190 2628 4250 euius
2673 4184 2887 4249 medio
2910 4188 3223 4270 promicat
3248 4179 3457 4249 oculus
3492 4227 3518 4261 ‚

534 4267 710 4334 ribus
734 4270 989 4339 exhibet
1016 4291 1205 4361 eaput
1232 4278 1423 4340 unius
1450 4271 1730 4342 feminae
1764 4284 1964 4364 Nepa·
2090 4277 2221 4344 fine
2267 4276 2466 4341 dubio
2513 4273 2748 4341 Sbivae
2806 4269 2908 4339 seu
2966 4273 3125 4341 Solt's
3154 4275 3414 4338 oculum
3446 4273 3516 4338 iu

537 4356 723 4425 18068
747 4406 771 4438 ,
815 4366 922 4428 eui
957 4367 1024 4427 in
1060 4363 1265 4453 media
1295 4361 1505 4436 fronte
1529 4388 1645 4452 pro
1673 4362 1856 4432 sacro·
1892 4364 1967 4431 fi·
2091 4367 2410 4450 triangulo
2435 4363 2727 4431 Bbaevam’
2750 4364 2906 4428 deae
2931 4362 3034 4429 seu
3060 4382 3321 4428 naturae
3349 4383 3545 4437 con-i

537 4470 672 4534 gno
700 4497 722 4525 ‚
764 4473 897 4536 quo
949 4455 1093 4523 Indi
1140 4456 1250 4519 uni
1294 4457 1553 4523 alterive
1610 4458 1862 4521 numini
1904 4455 1966 4521 se
2090 4459 2382 4526 stitutum
2414 4457 2881 4543 repraesentans
2907 4504 2923 4519 .
2976 4461 3140 4518 Haec
3191 4454 3358 4539 ligna
3385 4471 3521 4520 tam

539 4540 815 4627 addiflos
840 4542 963 4611 effe
987 4544 1364 4631 prqfitenmr
1391 4590 1413 4623 ‚
1458 4550 1676 4613 colore
1707 4547 1906 4612 rubeo
1939 4592 1963 4623 ‚
2096 4549 2302 4615 lucida
2325 4546 2394 4612 &
2418 4544 2691 4612 distin&
2730 4565 2862 4608 non
2912 4542 3122 4608 solum
3181 4548 3462 4610 innuunt
3497 4590 3520 4622 ,

540 4632 687 4697 albo
724 4680 746 4711 ,
769 4633 835 4700 &
861 4640 1041 4720 nigro
1074 4638 1436 4721 appingitur
1456 4640 1684 4703 oculus
1707 4637 1804 4701 dei
1824 4635 1968 4704 Sbe—
2089 4641 2216 4704 hoc
2239 4637 2557 4720 signorum
2586 4639 2654 4703 &
2686 4635 3145 4719 superstitionis
3170 4655 3375 4719 genus
3412 4656 3526 4719 per

538 4738 662 4785 vae
691 4770 711 4799 ‚
759 4746 957 4809 quem
987 4729 1037 4791 is
1061 4729 1124 4790 in
1158 4723 1261 4790 sua
1296 4726 1502 4792 media
1538 4726 1750 4792 fronte
1772 4730 1959 4811 gerit,
2089 4728 2154 4794 se
2171 4728 2506 4795 christianis
2532 4722 2921 4815 prohibitum
2950 4722 3121 4809 effe3
3169 4727 3277 4791 sed
3321 4726 3520 4801 etiam

542 4810 610 4878 δι
639 4835 771 4898 quo
798 4816 1031 4884 indicat
1054 4816 1118 4882 se
1148 4815 1352 4883 Solem
1379 4820 1600 4883 omnia
1637 4817 1958 4886 videntem
2087 4819 2302 4905 palam
2337 4820 2404 4885 ἀ
2426 4839 2638 4905 aperte
2667 4815 3116 4885 demonstrant:
3149 4817 3338 4881 Indos
3364 4834 3520 4896 gen-

542 4897 667 4970 eise
698 4949 715 4967 .
765 4909 984 4991 Figura
1019 4925 1164 4992 ¹59·
1188 4926 1344 4998 pag.
1371 4929 1484 4988 92.
1547 4908 1743 4975 exstat
1772 4927 1962 4992 caput
2090 4911 2238 4975 tiles
2274 4954 2296 4986 ,
2323 4908 2482 4999 filis
2508 4954 2530 4985 ‚
2572 4908 2756 4975 lunae
2782 4954 2803 4983 ‚
2848 4921 3113 4977 naturae
3142 4954 3169 4988 ‚
3217 4926 3288 4976 ac
3306 4907 3515 4985 trian-

541 4992 661 5063 viri
684 5038 712 5075 ,
755 4994 825 5061 in
851 4999 1031 5069 cuius
1059 5000 1269 5068 media
1299 4998 1512 5067 fronte
1534 4998 1729 5067 rubea
1748 5000 1960 5066 Lunae
2076 5000 2220 5091 guli
2245 5006 2491 5068 cultum
2515 5000 2800 5090 profiteri
2827 5041 2846 5061 ·
