4299 5782
789 299 959 396 146

773 416 1171 499 Titanum
1224 404 1540 495 occisor
1603 407 1958 496 dicituts
2026 414 2320 511 patna,
2379 434 2590 523 quae
2648 434 2836 496 eum
2887 433 3212 499 veneno
3255 433 3600 496 enecare
3629 436 3763 494 vo·

775 538 991 641 luit,
1055 539 1450 624 exanimis
1510 547 1876 635 corruit,
1936 537 2231 622 Madhu
2295 541 2584 650 gigas,
2648 533 2811 650 ipse
2874 536 3156 642 Kamfi
3219 564 3358 621 rex
3398 566 3762 623 avuncu-

772 668 903 752 'lus
956 669 1088 750 dei
1130 664 1511 765 Krshna,
1575 665 1977 751 vindicem
2034 665 2409 749 Krshnae
2469 669 2780 748 iuvenis
2833 690 3161 747 manum
3203 691 3361 746 non
3401 660 3768 776 effugit
3751 702 3756 711 ·

779 793 1147 881 Krshna
1166 817 1355 875 cum
1412 775 1645 875 sociis
1701 795 2024 875 Saturni
2085 793 2487 903 palatium
2526 792 3037 901 ingreditur,
3106 816 3296 905 eum
3330 793 3760 893 exturbat,

780 919 1268 1036 prosternit,
1334 941 1674 1003 enecat.
1743 917 1951 1000 Vide
2012 920 2166 1000 cod.
2230 914 2381 1031 mff.
2441 913 3016 1029 P.11dephonfi
3079 942 3242 1023 cap.
3284 947 3368 1022 4.
3453 916 3556 997 de
3601 916 3768 1001 deo

782 1047 1161 1133 Krshna.
1198 1055 1349 1129 On
1393 1064 1660 1130 trouve
1712 1045 1782 1126 le
1843 1072 2073 1126 meme
2128 1064 2382 1156 raport
2438 1065 2645 1135 entre
2692 1047 2971 1146 Canjen
3019 1037 3429 1145 (Kamsa)
3482 1035 3582 1122 ὠ·
3619 1049 3770 1127 Sa-
3814 1074 3828 1084 ·

786 1196 1057 1259 turne.
1117 1165 1518 1256 Sonuerat
1580 1174 1633 1253 l.
1661 1201 1723 1255 c.
1794 1171 2014 1262 Dum
2081 1169 2381 1284 Apollo
2448 1174 2788 1253 Nomius
2882 1174 2963 1252 δι
3031 1170 3342 1311 Iupiter
3404 1172 3771 1254 Arcadius

791 1295 1208 1398 nascitur,
1273 1291 1793 1424 Corybantes
1867 1321 2249 1413 tympana
2310 1291 2623 1409 pulsant
2693 1359 2718 1393 ,
2784 1320 2889 1377 ne
2969 1297 3365 1406 vagientis
3435 1289 3771 1382 infantis

791 1454 947 1512 vox
973 1423 1403 1516 audiatur,
1466 1422 2126 1523 (1)dumKrshna
2172 1420 2544 1519 nascitur,
2579 1418 3059 1504 Brahmanes
3099 1421 3398 1503 crotala
3441 1424 3518 1501 δι
3562 1446 3775 1535 tym-

710 1616 717 1621 ,
789 1577 1000 1666 pana
1064 1549 1149 1632 iu
1223 1547 1424 1633 urbe
1479 1550 1815 1637 Madura
1878 1542 2292 1658 pulsarunt
2353 1606 2380 1647 ,
2478 1576 2579 1630 ne
2633 1544 3004 1629 Krshnae
3073 1548 3206 1628 dei
3267 1549 3582 1656 vagitus
3669 1545 3772 1632 ad

787 1677 1205 1774 Titanum
1253 1673 1827 1758 circulatorum
1894 1678 1975 1756 δι
2039 1664 2638 1787 exploratorum
2704 1696 2942 1754 aures
3016 1694 3538 1784 penetraret.
3620 1675 3774 1755 Sa-

797 1825 1086 1887 turnus
1152 1770 1397 1913 lapidi
1463 1799 1839 1884 allidebat
1908 1799 2081 1908 Opis
2142 1795 2425 1898 filios,
2488 1822 2630 1883 aut
2695 1824 2838 1881 eos
2889 1793 3327 1882 devorabat
3390 1855 3413 1879 .
3477 1793 3774 1883 Kamsa

682 1932 687 1937 ’
796 1924 1090 2013 sororis
1150 1920 1339 2010 suae
1393 1922 1758 2039 De‘vagui
1804 1920 2010 2008 filios
2072 1925 2316 2037 lapidi
2385 1922 2860 2019 allidebat
2818 1985 2841 2018 ‚
2905 1925 2983 2003 &
3048 1920 3184 2005 nifi
3243 1919 3516 2007 astutia
3591 1925 3773 2006 Gia-

791 2054 1060 2167 gt'odae
1122 2040 1667 2164 supposititiae
1753 2051 1891 2135 dei
1955 2050 2312 2161 Krshna,
2375 2053 2650 2133 matris
2677 2076 2686 2111 ··
2767 2044 3060 2141 Kamsa
3115 2051 3286 2158 regi
3353 2106 3381 2145 ,
3462 2043 3697 2157 Μέγα
3750 2107 3781 2151 ,

795 2174 1168 2262 sensuum
1235 2175 1612 2260 illu-sionis
1660 2177 1866 2279 dea,
1899 2204 2048 2290 pro
2072 2176 2402 2265 Krshna
2473 2171 2863 2289 supposita
2906 2170 3193 2258 fuisse-t
3246 2233 3274 2273 ,
3338 2170 3471 2257 hic
3530 2178 3781 2260 etiam

797 2303 1106 2391 Krsbna
1162 2328 1208 2385 a
1269 2298 1563 2387 Kamsa
1617 2304 1981 2415 perditus
2045 2298 2563 2395 interivisset,
2585 2305 2933 2389 ‘Verum
2988 2300 3225 2419 Μάγα
3286 2300 3437 2383 dea
3490 2296 3785 2387 Kamsa

800 2434 978 2540 regi
1044 2430 1122 2510 in
1180 2451 1546 2513 ventrem
1615 2429 1952 2513 terribili
2016 2432 2176 2511 istu
2242 2427 2434 2510 dato
2498 2454 2544 2510 e
2615 2425 2984 2507 manibus
3067 2430 3240 2508 eius
3315 2420 3584 2537 elapsa
3654 2427 3785 2527 eli-q

800 2550 1153 2667 sparuit.
1219 2553 1430 2638 Vide
1492 2554 1943 2665 sonuerat,
2010 2559 2097 2637 Ρ.
2147 2548 2720 2667 Ildephonsum
2798 2553 2944 2634 loco
3007 2550 3250 2665 supra
3326 2552 3553 2635 citato
3612 2613 3638 2649 ,
3687 2554 3786 2636 ’δε

802 2678 1085 2765 Caroli
1138 2675 1533 2793 Stephani
1589 2672 2155 2790 dictionarium
2218 2674 2362 2761 sub
2430 2705 2635 2764 voce
2700 2682 3119 2774 Saturnus,
3179 2680 3425 2785 Apollo
3490 2739 3515 2778 ,
3577 2676 3783 2788 Iupt’-

798 2828 957 2908 ter,
1018 2811 1107 2890 δι.
1173 2800 1516 2926 systema
1561 2804 2630 2921 Brakmanicumpag.146.
2689 2796 2980 2915 &fiq.
3044 2800 3182 2886 ubi
3236 2803 3638 2889 uberrime
3677 2803 3783 2889 de

805 2931 969 3017 hoc
1021 2934 1182 3017 deo
1250 2933 1556 3018 Krshna
1622 2931 2172 3017 differuimus.
2891 3027 2894 3030 Α

1010 3056 1329 3141 'Plures
1395 3060 1581 3142 heic
1654 3062 2191 3176 etymologias
2256 3086 2546 3146 vocum
2620 3049 3278 3141 Samscrdamicas
3361 3054 3788 3140 brevitatis

804 3177 1061 3267 caussa
1122 3208 1547 3295 praetereo
1579 3244 1603 3266 .
1665 3185 1907 3267 Libet·
1962 3180 2534 3297 Bdlagapura‘na
2580 3247 2607 3282 ,
2673 3207 3215 3285 monumenta⁶
3265 3181 3609 3295 plurima
3657 3207 3786 3266 ea·

802 3335 970 3423 que
1017 3307 1350 3419 insignia
1397 3312 1475 3391 δι
1525 3307 1825 3393 sincera
1881 3308 2132 3397 musei
2185 3311 2572 3421 Borgiani
2641 3372 2671 3412 ,
2763 3307 3046 3390 allatae
3116 3307 3271 3390 iam
3345 3301 3783 3391 relationes

803 3438 885 3516 &
942 3435 1487 3548 etymologiae
1541 3492 1568 3533 ,
1632 3425 1921 3535 certa,
1990 3432 2408 3550 perspicua
2471 3493 2495 3532 ,
2557 3438 2636 3516 δε
2707 3434 3112 3517 evidentia
3165 3433 3477 3517 ,indicia
3543 3461 3788 3546 prae-

801 3558 1070 3655 bent,
1137 3583 1389 3672 atque
1445 3559 2064 3653 ineluctabiliter
2153 3564 2540 3645 evincunt
2596 3591 2618 3644 ι
2685 3559 3005 3642 ἡΚνιΙινιισ
3093 3558 3458 3643 Indicum
3542 3561 3792 3644 deum

656 3709 662 3715 “
800 3684 1209 3793 Apollinem
1266 3680 1401 3766 seu
1434 3684 1666 3786 fidem
1725 3679 1950 3786 esse,
2017 3685 2096 3769 id
2154 3712 2536 3798 nempe,
2603 3685 2844 3799 quod·
2888 3689 2970 3768 in
3038 3681 3451 3801 systemate
3540 3684 3791 3768 Brab-

795 3811 1147 3899 manico
1193 3807 1674 3894 docuimus.
1741 3812 1979 3926 Quid
2032 3812 2134 3897 ad
2202 3812 2405 3895 haec
2462 3813 2733 3895 omnia
2785 3807 3198 3922 respondit
3260 3810 3518 3893 noster
3600 3838 3787 3895 ceu·

798 3932 927 4021 sor
994 3942 1032 3995 ‘²
1101 3938 1287 4018 Non
1358 3930 1799 4019 sufficiebat
1838 3938 1988 4056 ipsi
2051 3936 2256 4024 haec
2315 3940 2586 4021 omnia
2672 3942 2752 4022 in
2843 3936 3308 4048 Alphabeto
3373 3935 3792 4020 Tibetano

772 4055 1200 4147 intricasse
1257 4118 1282 4160 ,
1348 4043 1890 4174 pervertisse,
1956 4059 2397 4151 confudisse
2454 4124 2481 4163 ,
2542 4060 2743 4146 falfis
2811 4064 3297 4146 commentis
3384 4037 3797 4179 mytholo-

802 4189 1014 4301 giam
1073 4186 1431 4271 Indicam
1503 4212 1755 4272 totam
1809 4193 2337 4303 praecipitem
2396 4183 2698 4300 egilse‚
2760 4188 3211 4298 Europaeis
3272 4177 3794 4292 hominibus,
3845 4267 3872 4279 ,

800 4340 895 4396 ac
956 4315 1420 4427 cumprimis
1480 4314 1775 4397 Indicis
1846 4315 2351 4406 Miffionariis
2436 4316 2515 4396 in
2607 4338 2770 4395 tam
2836 4309 3175 4396 obscura
3268 4317 3346 4395 &
3424 4315 3795 4398 lubrica-0

799 4430 1059 4590 caussa
1109 4463 1443 4521 caecum
1510 4423 1818 4594 ducem
1853 4437 1933 4526 se
1983 4432 2427 4598 praebuisse
2493 4500 2521 4542 ,
2581 4441 2758 4523 vult
2832 4441 2899 4522 is
2971 4465 3192 4523 nunc
3283 4465 3572 4553 capere
3644 4467 3792 4524 nos

3643 4594 3793 4651 81⁸·

824 4770 904 4849 (
918 4769 985 4854 ι)
1034 4768 1194 4835 Vide
1217 4766 1597 4846 Pausaniam
1622 4772 1732 4840 lib.
1744 4795 1837 4866 4.·
1840 4773 2027 4858 pag
2060 4777 2094 4853 ς
2110 4795 2137 4838 ι
2152 4797 2224 4862 3.
2273 4687 2705 4862 niversariia
2731 4773 2825 4843 his
2854 4737 3018 4844 sellis
3046 4767 3371 4848 Ithome·
3394 4768 3609 4842 dian.

789 4881 825 4947 ς
844 4879 953 4942 ¹⁴·
987 4862 1066 4929 de
1090 4856 1718 4946 Curretibus,1udis
1741 4841 1996 4934 musicis
2022 4864 2091 4937 &
2112 4887 2231 4933 an-
