4299 5782
731 356 750 370 ,
833 281 999 368 18²

824 412 906 491 in
982 403 1131 488 hac
1183 432 1268 488 re
1324 401 1820 489 audiendum
1885 398 2491 515 Megasthenem,
2554 402 2751 521 'quia
2820 393 2982 514 ipse
3038 392 3425 490 Indorum
3486 427 3819 502 tautum

830 532 1357 619 traditionem
1419 529 1723 641 refert,
1791 555 1953 612 non
2022 554 2299 616 autem
2359 521 2765 613 Persarum
2822 535 2898 614 &
2959 526 3447 645 Assyriorum
3523 569 3575 629 ς·
3633 548 3810 624 tum

835 664 1028 773 quia
1100 656 1262 769 ipse
1330 656 1427 740 ad
1492 666 1820 765 Gangem
1868 659 1951 736 in
2026 656 2229 740 urbe
2298 654 2747 739 Pallibotbrae
2804 654 3020 768 apud
3083 685 3364 769 regem
3429 661 3808 745 Clandra-

836 804 1034 868 cotta
1090 793 1123 883 <
1184 784 1516 868 Graecis
1582 784 2147 875 ,Sandracottum
2199 789 2230 880 )
2301 773 2651 868 versatus
2708 777 2871 878 est,
2928 808 3026 866 ac
3079 784 3191 866 ab·
3252 787 3434 870 Indo
3489 784 3805 892 fluvio,

838 910 939 998 ad
988 936 1231 1022 quem
1299 909 1727 998 Semiramis
1787 906 2083 1002 duxit,
2147 931 2391 1020 quam
2463 904 2901 1017 longiffime
2965 907 3257 994 distans
3315 971 3341 1006 ,
3443 914 3801 998 traditio·

838 1062 1024 1118 nem
1082 1060 1352 1146 genus
1409 1035 1850 1145 Gangeticas
1901 1028 2206 1130 refert,
2267 1053 2477 1144 quae
2546 1057 2745 1144 gens
2803 1059 2892 1115 re
2949 1060 3136 1124 vera
3205 1030 3455 1149 usque
3496 1039 3599 1122 ad
3632 1043 3801 1123 Ale.

837 1162 1127 1250 xandrl
1178 1166 1252 1243 δι
1312 1163 1593 1245 Seleuci
1637 1157 2010 1244 Nicatoris
2086 1181 2402 1266 tempus
2473 1156 2762 1241 nullius
2812 1161 3069 1242 exteri
3135 1162 3348 1272 regis
3381 1187 3601 1246 arma
3624 1171 3807 1276 per.

828 1282 1115 1372 senfit.
1185 1284 1475 1385 Adde,
1536 1283 2084 1397 Megasthenem
2156 1278 2626 1392 scriptorem
2668 1256 3080 1369 Graecum
3114 1285 3328 1384 esse,
3389 1312 3486 1371 ac
3529 1293 3805 1400 proin·

832 1412 936 1504 de
994 1408 1429 1495 Alexandri
1498 1414 1613 1493 M.
1682 1408 2048 1503 historiae
2113 1431 2870 1532 exaggeratorem..
2936 1413 3079 1524 qui
3149 1409 3330 1519 plus
3400 1412 3804 1515 Graecis,

826 1564 1070 1653 quam
1140 1535 1340 1622 Pers
1316 1566 1381 1621 s
1429 1542 1506 1620 δε
1559 1533 1881 1653 Assyriis
1926 1472 2454 1645 perlubenter
2514 1535 2904 1622 tribuat·
2989 1537 3284 1647 Neque
3374 1534 3524 1624 hac
3579 1544 3662 1621 in
3712 1569 3802 1627 re

826 1664 1218 1752 Indorum
1281 1660 1673 1748 sententia
1738 1687 1823 1746 et
1888 1661 2375 1756 auctoritas,
2441 1684 2602 1772 qua
2665 1654 3000 1743 cauffam
3059 1655 3274 1742 suam
3313 1685 3590 1748 tuetur
3624 1673 3802 1748 Mes

818 1789 1273 1904 gasthenes,
1327 1790 1502 1901 plus
1567 1788 1948 1899 ponderis
2008 1784 2309 1866 habere
2366 1782 2672 1867 debet
2668 1844 2694 1883 ,
2782 1810 3024 1896 quam
3092 1811 3557 1871 exterorum
3612 1786 3800 1876 scri·

822 1938 1199 2029 ptorum,
1265 1941 1308 1996 a
1366 1914 1663 2028 quibus
1731 1939 1886 1996 una
1956 1936 2139 1993 cum
2191 1899 2580 1992 Indorum
2638 1909 3209 2000 traditionibus
3284 1913 3609 2001 Indicae
3683 1915 3804 2023 hig

827 2041 1115 2128 storiae
1183 2036 1383 2123 fides
1440 2046 1519 2122 δε
1576 2041 1865 2130 veritas
1927 2034 2035 2130 est
2088 2034 2645 2127 dimetienda.

1082 2162 1316 2250 Adde
1387 2163 1511 2246 his
1573 2184 2139 2274 argumentum
2193 2155 2715 2248 intrinsecum
2783 2220 2809 2260 ,
2894 2187 3076 2253 nam
3172 2160 3519 2247 Diodori
3592 2172 3802 2250 Stra·

825 2291 1219 2384 brabates,
1284 2292 1427 2400 qui
1460 2289 1941 2378 Semiramidi
1967 2287 2715 2378 Indiaminvadenti
2771 2284 3077 2370 obstitit
3116 2344 3142 2383 ,
3199 2281 3534 2402 eiusque
3570 2316 3799 2377 exet·

826 2422 1086 2504 eitum
1138 2436 1467 2525 accepta
1514 2415 1737 2504 clade
1802 2412 2125 2497 tandem
2173 2406 2578 2522 superavit
2612 2469 2637 2505 ,
2701 2439 2804 2503 ex
2861 2404 2999 2495 sua
3053 2414 3407 2498 nominis
3476 2443 3802 2532 etymo-

819 2541 1086 2653 logia,
1166 2558 1407 2621 verus
1464 2541 1733 2630 Indiae
1794 2564 1934 2630 rex
1981 2534 2209 2625 fuisse
2248 2534 2567 2622 videtur
2607 2584 2638 2616 0
2701 2540 3010 2621 Primae
3098 2540 3450 2623 nominis
3531 2548 3784 2656 partis

826 2661 1506 2780 fignificationem
1565 2670 1920 2777 ignoro,
1980 2688 2064 2746 at
2136 2663 2607 2748 terminatio
2648 2662 2822 2748 eius
2880 2661 2964 2743 in
3032 2662 3242 2748 bates
3315 2656 3499 2755 satis
3583 2673 3801 2754 indi-

832 2829 1897 2946 cat,nomen‘compoiitum
1955 2826 2109 2916 effe
2179 2854 2286 2914 ex
2334 2799 2589 2917 ΛΑΜ,
2650 2827 2834 2914 badi
2891 2831 3020 2914 vel
3085 2831 3260 2916 bati
3318 2857 3505 2917 cum
3563 2834 3799 2925 litte-

816 3031 904 3095 ra
955 3024 1019 3086 t.
1064 3003 1294 3099 leni,
1353 3000 1541 3100 vir,
1597 3000 1967 3099 maritus,
2028 3003 2237 3097 dux,
2299 3026 2491 3101 rex,
2561 3001 2774 3095 unde
2825 3000 3181 3093 dimanat
3272 3003 3786 3146 Stabrobade'?

812 3128 1042 3244 quod
1097 3127 1394 3217 Graeci
1464 3149 2005 3237 corruperunt
2055 3128 2135 3207 in
2208 3122 2729 3225 Stabrobates,
2802 3152 2891 3210 ut
2979 3132 3244 3238 Ganga
3297 3128 3387 3210 in
3444 3137 3767 3242 Ganges
3768 3198 3799 3235 ,

819 3264 1150 3347 Iamuna
1207 3256 1285 3335 in
1347 3255 1634 3335 Imanes
1701 3273 1787 3334 et
1879 3252 2256 3333 Diamuna
2323 3310 2348 3350 ,
2419 3254 2649 3337 Mem
2729 3254 2813 3333 iu
2900 3252 3148 3335 Meros
3173 3307 3202 3349 ‚
3259 3254 3642 3339 Daks‘ht'na
3698 3261 3790 3348 in

815 3375 1124 3471 Taxtlla
1184 3401 1270 3460 et
1332 3379 1551 3488 Delly
1586 3438 1610 3472 ,
1671 3379 1928 3458 Panda
1995 3380 2078 3460 in
2135 3376 2458 3468 Pandion
2482 3436 2507 3474 ,
2564 3377 2840 3465 ,Sindhu
2912 3378 2994 3458 in
3056 3378 3342 3469 Sandus
3388 3406 3473 3464 et
3506 3384 3783 3484 Indus,

767 3507 1351 3603 'Ciaaedracotta
1433 3503 1694 3593 Indici
1770 3505 1984 3612 regis
2046 3528 2343 3595 nomen
2381 3505 2611 3617 „qui
2672 3504 3035 3591 Graecos
3096 3528 3200 3586 ex
3251 3503 3475 3597 India
3527 3504 3788 3623 expu-

811 3631 906 3721 lit
953 3688 977 3729 ,
1045 3630 1126 3711 in
1179 3627 1712 3714 Sandracottus
1796 3634 1915 3732 (1)
1976 3684 2000 3707 .
2067 3627 2300 3721 Adde
2403 3624 2526 3721 his
2599 3630 2984 3719 omnibus
3059 3630 3379 3720 navium
3456 3658 3543 3720 et
3614 3634 3784 3721 ele-

807 3751 1299 3877 phantorum
1362 3777 1884 3866 apparatum,
1953 3752 2221 3834 Indum
2278 3779 2598 3837 amnem
2688 3756 2778 3836 in
2836 3754 3153 3838 Diodoro
3236 3755 3386 3839 rite
3443 3752 3785 3873 descrip-

809 3904 1045 3980 tum,
1112 3904 1213 3962 ex
1267 3879 1638 3961 Herodoto
1698 3877 2020 3969 Indicae
2087 3878 2356 4002 gentis
2406 3880 2561 3960 iam
2631 3878 2819 3962 inde
2875 3908 2921 3965 a
2989 3877 3515 3969 remotissimis
3586 3907 3783 3971 tem·

809 4005 1180 4129 poribus
1211 4005 1629 4115 ingentem
1684 4001 2292 4086 multitudinem
2346 4061 2372 4101 ,
2459 4029 2783 4116 pugnae
2883 4004 3213 4087 modum
3298 4032 3382 4090 et
3447 4010 3781 4101 circum·

806 4132 1175 4233 stantiaS,
1231 4130 1759 4224 Semtramidt’s
1824 4154 1967 4246 per
2012 4127 2494 4224 Rabirianam
2558 4124 2999 4214 receffum.
3068 4133 3212 4221 His
3259 4129 3641 4221 omnibus
3660 4136 3774 4220 ri

3698 4282 3787 4353 te

884 4398 992 4483 (ι)
1084 4360 1309 4475 Eorum
1351 4399 1382 4483 (
1427 4399 1769 4480 locorum)
1833 4416 1993 4481 quae
2030 4399 2215 4484 fieus
2338 4396 2788 4479 lib.15.&ltb
2798 4396 3031 4476 20M1ff
3034 4400 3323 4483 fuerunt
3329 4399 3355 4482 (
3381 4424 3416 4469 a
3443 4405 3767 4493 Seleuco)

792 4489 1242 4578 Indumsunt,
1326 4508 1528 4556 artem
1566 4487 1790 4554 babent
1816 4487 2022 4565 Indi,
2068 4506 2211 4551 eum
2338 4490 2430 4555 ad
2449 4487 2820 4558 Palimbottae
2868 4491 2891 4564 (
2923 4489 3320 4578 Palimparur
3367 4492 3441 4557 ad
3488 4488 3769 4563 fluvium

784 4584 973 4669 prius
1023 4584 1208 4665 effent
1219 4507 1637 4669 {fer-firm.
1689 4583 1778 4643 Ea
1824 4576 2211 4645 ,Alexander
2338 4584 2625 4648 Tamum
2661 4580 2847 4647 strum
2884 4577 3001 4651 sub
3019 4581 3215 4668 grad.
3256 4579 3375 4647 lar.
3385 4579 3494 4648 26.
3522 4584 3631 4649 ubi
3664 4605 3768 4652 re-

794 4669 1057 4739 Aria-ss
1076 4672 1379 4746 ademit,
1424 4675 1495 4734 d·
1525 4686 1646 4755 per
1682 4671 1824 4757 sese
1848 4656 2577 4753 constiutit.s1debat
2598 4672 3050 4739 Sandracottus
3086 4671 3378 4758 negati:
3427 4668 3769 4759 Megasthe-

793 4755 1018 4841 Postea
1028 4761 1311 4830 Seleucus
1340 4761 1595 4827 mentor
1619 4781 1691 4827 ea
1719 4759 1891 4831 dedis
1930 4759 2213 4825 sandra—
2338 4782 2459 4847 nes
2474 4762 2753 4849 quidem
2758 4762 2845 4828 ad
2889 4761 3449 4841 sanan-aeonum,
3490 4766 3771 4834 Delm-

791 4868 950 4926 eom
985 4850 1302 4927 contrade
1338 4873 1500 4929 cnm
1501 4871 1569 4918 eo
1588 4849 1958 4937 ffnitate,
1993 4870 2073 4927 ae
2089 4868 2217 4937 pro
2336 4849 2484 4920 ebus
2509 4854 2661 4919 ve'ro
2674 4852 2779 4918 ad
2800 4847 3268 4919 Allitroebaden
3310 4858 3444 4923 eins
3485 4851 3761 4935 filiun.

787 4945 875 5012 iis
898 4943 1258 5037 quingentos
1276 4918 1634 5037 elephantes
1651 4945 1938 5031 aceepit.
1972 4941 2221 5045 ,ξαιὲᾳ
2342 4940 2583 5025 Confer
2606 4944 2893 5025 minium
2921 4943 2990 5015 ἀ
3011 4947 3400 5023 Attianum.
