4299 5782
802 305 1165 487 {faede
1225 353 1597 484 scribunt
1658 407 2078 485 Oromazen
2126 399 2339 516 apud
2401 396 2914 486 Plutarchum
2975 401 3068 488 de
3118 400 3344 513 Iside,
3396 395 3805 490 Hormuzd

804 528 1020 641 apud
1049 524 1449 608 Thomam
1490 527 1796 646 Hyde
1845 532 2244 643 Religionis
2264 549 2616 612 veterum
2642 535 3025 636 Persarum
3046 530 3128 611 hi
3181 531 3424 625 oriae,
3458 554 3632 640 cap.
3646 556 3794 635 35.

804 678 998 767 pag
1040 680 1311 758 437„
1382 658 1726 738 Ormuzd
1767 659 1979 771 apud
2034 658 2604 772 Anquetilium
2661 660 2772 739 du
2843 653 3793 765 Petron,Zend11vesta

795 808 1128 892 ouvrage
1178 779 1271 862 de
1319 784 1753 889 Zoroastre,
1805 807 1998 870 tom.
2037 812 2114 867 1.
2163 814 2240 867 2.
2274 808 2473 897 part.
2507 808 2690 895 pag.
2723 786 2867 867 82.

1048 927 1486 1033 miffar
1555 953 1870 1054 arima,
1920 955 2407 1052 inimicitia,
2469 949 2914 1047 discordia,
2983 948 3639 1034 concordandid
3588 941 3786 1033 diffi-

802 1118 1087 1205 cultas.
1094 1121 1275 1201 Hoc
1299 1119 1669 1204 Indicum
1698 1123 2187 1209 vocabulum
2226 1113 2503 1207 Persae
2539 1144 2854 1207 veteres
2892 1143 3426 1234 corruperunt
3466 1121 3542 1200 in
3583 1121 3787 1204 Aba·

645 1315 650 1320 .
798 1247 1051 1345 rima,
1112 1248 1588 1334 Arimanius.
1644 1249 1856 1335 Vide
1906 1247 2311 1332 Thomam
2371 1249 2613 1370 Hyde
2678 1246 3789 1363 cap.35·pag.4371>1u1ar-

802 1373 1048 1458 chum
1094 1373 1186 1454 de
1216 1373 1490 1481 Jfide.

1070 1494 1403 1598 ommi,
1469 1503 1548 1581 δε
1615 1498 1886 1583 Arima
1937 1454 2410 1582 concordia
2498 1501 2578 1580 δι
2669 1494 3061 1584 discordia
3117 1557 3143 1596 ,
3207 1442 3338 1580 seu
3404 1498 3785 1581 concordia

819 1624 898 1707 d
874 1615 1081 1731 fiors
1135 1627 1400 1724 omnis
1454 1627 2006 1737 generationis
2043 1628 2589 1738 principium,
2653 1627 2726 1704 δι
2768 1623 3230 1706 Indicorum
3280 1619 3790 1734 philosopho·

811 1774 998 1834 rum
1063 1751 1448 1865 placitum
1516 1750 1626 1835 est
1683 1795 1709 1846 ,
1801 1752 1946 1836 de-
1988 1776 2158 1868 quo
2247 1754 2494 1835 etiam
2574 1749 2915 1834 Ovidius
2977 1748 3474 1858 Metamorpb.
3538 1748 3664 1834 lib.
3708 1776 3786 1835 1.

794 1875 976 1990 fab.
1007 1879 1088 1962 8.
1145 1880 1225 1961 δι
1289 1878 1593 1962 Cicero
1639 1878 1769 1964 lib.
1805 1907 1880 1959 2.
1913 1879 2006 1959 de
2036 1897 2197 1960 nat.
2224 1878 2429 1962 deor.
3726 1881 3735 1887 ’

1315 2004 1594 2122 Quippe
1640 2001 1774 2088 ubl
1819 2004 2245 2114 temperiem
2273 1999 2640 2111 stempgfere
2694 1999 3093 2110 humorque
3137 2000 3479 2114 calorque

1312 2127 1745 2239 concipiunt
1779 2190 1801 2230 ,
1864 2124 1962 2212 (θ’
2004 2129 2099 2213 ab
2145 2131 2259 2214 his
2308 2131 2646 2214 oriuntur
2688 2127 2947 2211 cunHa
2994 2127 3267 2207 duobus
3380 2201 3387 2204 ,

1313 2258 1750 2368 cumquet
1667 2257 1763 2364 f
1751 2278 1786 2338 t
1835 2256 2029 2368 ignis
2087 2259 2331 2370 aquae
2384 2280 2755 2368 pugnax,
2805 2278 3044 2360 vapor
3094 2247 3433 2335 humidus
3473 2276 3718 2336 omnes

1322 2379 1484 2465 Res
1527 2403 1783 2480 creat,
1838 2380 1938 2465 &⁶
1981 2381 2247 2486 dscors
2301 2381 2676 2465 concordia
2693 2378 3039 2491 faecibus
3100 2399 3282 2487 apta
3331 2376 3482 2485 est.

898 2559 912 2572 ·
967 2559 972 2566 ·
1067 2508 1395 2586 Orumae
1454 2500 1589 2588 scu
1661 2507 2087 2591 concordiae
2169 2508 2427 2591 Indici
2508 2500 2961 2617 Philosophi
3021 2503 3342 2614 ignem,
3416 2506 3793 2614 lucemque

813 2618 1265 2739 symbolum
1318 2625 1816 2742 posuerunt,
1874 2659 2125 2760 atque
2169 2632 2748 2743 bonumgenium
2777 2626 3471 2745 praeposuerunt.
3542 2634 3789 2714 Hunc

815 2750 1074 2854 Perfie
1126 2777 1444 2841 veteres
1516 2762 1861 2843 Ormuzd
1933 2749 2333 2844 vocabulo
2396 2759 2501 2842 ab
2572 2764 2855 2841 Oruma
2936 2781 3325 2868 corrupto
3424 2778 3726 2838 vocant
3764 2810 3793 2855 ,

817 2904 1179 2995 ,eumque
1248 2883 1526 2984 deum,
1579 2886 1663 2967 id
1730 2883 1838 2969 est
1889 2888 2227 2999 genium
2289 2881 2754 2983 caelestem,
2817 2883 3269 3003 igni&luci
3295 2879 3793 2995 praefectum

817 3001 971 3088 effe
1038 3007 1375 3092 dic-unt
1446 3011 1750 3095 Arimae
1818 3007 1951 3099 seu
2021 3012 2481 3119 discordiae,
2540 3006 3044 3095 coalescendi
3100 3004 3548 3092 difficultati
3609 3007 3793 3091 Indi

812 3157 1157 3237 aquam,
1209 3134 1551 3218 tenebras
1614 3141 1688 3217 δι
1750 3139 2190 3228 Plutonem,
2258 3138 2552 3221 malum
2626 3131 3030 3250 genium,
3094 3130 3472 3232 De'vada,
3536 3139 3795 3231 Dm,

813 3255 941 3339 vel
1014 3285 1392 3371 corrupte
1458 3265 1764 3361 Denda,
1814 3261 2067 3350 Tevat
2119 3259 2568 3382 symbolum
2640 3268 2719 3346 δε
2795 3258 3290 3373 praefectum
3355 3260 3794 3346 tribuunt.

811 3384 1122 3465 Horum
1168 3391 1593 3497 geniorum
1659 3392 1962 3500 primus
2035 3389 2165 3471 ille
2234 3390 2496 3473 bonus
2553 3387 3195 3495 Malabarenstbus
3249 3410 3589 3468 vocatur
3653 3389 3799 3466 Sa·

811 3527 1039 3749 {yen’
1105 3513 1187 3593 id
1246 3512 1355 3596 est
1418 3514 1879 3616 veridicus,
1925 3513 2224 3613 iustus,
2287 3540 2678 3629 aequus:
2762 3514 2965 3597 alter
3023 3509 3412 3629 Affatyen,
3478 3512 3559 3591 id
3625 3506 3797 3609 est,

860 3629 1127 3736 alsus,
1182 3637 1570 3751 iniquus,
1631 3638 1946 3724 malus.
1990 3641 2131 3722 Ille
2203 3639 2301 3722 ad
2357 3642 2645 3749 bona,
2730 3638 2865 3724 hic
2928 3639 3026 3721 ad
3093 3638 3293 3720 mala
3340 3662 3479 3720 eos
3541 3661 3797 3751 opera

818 3782 1322 3881 provocare,
1372 3791 1723 3878 urgere,
1784 3770 1924 3848 &
1902 3766 2243 3850 incitare
2310 3701 2741 3866 creditur,
2819 3766 2900 3848 id
2958 3752 3175 3876 quod
3236 3768 3391 3845 etia
3404 3790 3477 3843 ιιι
3516 3761 3806 3845 docuit

812 3876 1313 3999 Pythagoras
1349 3896 1426 3972 δι
1461 3892 1745 3977 Plato.
1806 3893 2021 3977 Vide
2082 3893 2188 3975 dc
2252 3891 2379 3975 his
2457 3894 2781 3978 duobus
2844 3888 3482 4000 Malabarenfibus
3537 3889 3804 3998 geniis

812 4005 1048 4127 supra
1093 4041 1273 4128 pag.
1319 4044 1460 4123 32·
1506 4046 1644 4123 51.
1690 4012 1837 4126 96·
1886 4054 2029 4128 99.
2067 4016 2387 4101 Confer
2440 4019 2743 4102 shom.
2778 4017 3019 4136 Hyde
3080 4040 3235 4124 cap.
3266 4052 3315 4121 9
3366 4040 3549 4126 pag.
3607 4041 3803 4117 159.

831 4151 1280 4224 16o.161.
1342 4144 1513 4226 Lux
1573 4147 1652 4227 ὅ(
1710 4145 2162 4242 tenebrae,
2226 4150 2843 4259 aqua&igni5,
2906 4144 3167 4224 bonus
3206 4143 3593 4251 genius&
3638 4163 3809 4220 ma-

817 4260 960 4391 lu}
1011 4262 1148 4366 fibi
1219 4295 1510 4352 ιτιιιιιιο
1545 4268 1892 4383 oppositi
1921 4273 1996 4351 δι
2033 4266 2439 4352 discordes
2478 4267 2722 4371 sunt,
2771 4297 2870 4352 ex
2906 4293 3113 4379 aqua
3142 4292 3409 4348 tamen
3450 4271 3524 4357 ἃ
3562 4268 3805 4375 igne,

810 4415 917 4473 ex
984 4388 1320 4479 humido
1391 4388 1474 4477 &
1531 4396 1799 4480 calido
1863 4396 2136 4477 omnia
2207 4393 2644 4479 nascuntur
2699 4422 2783 4480 et
2842 4389 3359 4479 coalescunt.
3430 4397 3635 4474 Hinc
3666 4389 3808 4469 ho·

783 4498 1146 4601 'dieduin'
1199 4522 1280 4605 in
1317 4518 1571 4605 India
1635 4522 1848 4606 duae
1911 4521 2487 4605 celeberrimae
2556 4520 2813 4605 seclae
2888 4517 3505 4602 Vishnuwtarum
3538 4512 3808 4599 Brab-

808 4646 1201 4745 manuni,
1239 4650 1436 4761 qui
1471 4678 1722 4760 aquae
1770 4650 2264 4760 principium
2334 4643 2467 4732 seu
2539 4650 2779 4735 deum
2847 4641 3812 4730 Vesb1u&Sh1·vani-ta

803 4800 977 4873 rmn
1006 4832 1036 4877 ,,
1088 4775 1228 4889 qui
1276 4777 1524 4888 ignem
1553 4829 1581 4873 ,
1643 4771 1782 4863 seu
1841 4774 2089 4883 deum
2144 4772 2390 4863 saiva
2453 4780 2738 4863 colunt
2797 4834 2833 4861 ..
2886 4773 3267 4891 Aegyptiis
3353 4773 3809 5008 antiquior?

865 4934 876 4943 .
1617 4942 1626 4949 .
2296 4932 2307 4943 -
3686 4921 3724 4973 e
3778 4920 3820 4975 e
