4299 5782
535 420 646 507 da
711 414 842 502 illa
901 417 1055 500 iam
1130 440 1347 499 nunc
1403 416 1479 499 &
1528 410 1885 500 distinsta
1942 412 2232 498 veritas
2293 374 2788 512 &traditio‚
2831 412 3280 501 videlicet·
3326 316 3513 501 {53-

543 550 809 659 gionis
866 550 944 627 δε
1005 538 1552 654 philosophiae
1622 540 1961 626 studium
2038 566 2083 621 a
2143 540 2499 623 barbaris
2561 539 2773 622 Indis
2817 544 2893 623 &
2931 544 3148 648 Persis
3204 544 3498 627 incoe-

546 669 736 786 pisse
766 730 788 750 .
844 674 1246 753 Fateantur
1282 667 1665 777 philosophi
1711 668 1811 772 fi'
1878 665 2121 772 Persas
2177 724 2205 765 ‚
2285 668 2421 749 vel
2467 667 2949 751 Sauromatas
2979 727 3005 765 ‚
3059 670 3198 753 vel
3230 675 3505 782 Magos

546 778 924 905 magistros
962 787 1325 905 babuiffi:
1389 824 1439 876 a
1494 794 1761 907 quibus
1797 793 2213 876 didicerunt
2266 819 2514 875 rerum
2553 793 2934 903 principiis
2966 792 3316 878 divinum
3349 798 3504 880 cul-

546 941 713 1006 tum
761 922 989 1030 impie
1026 924 1405 1004 decernere
1439 984 1460 1006 .
1524 919 1787 1002 Clem.
1835 916 2067 1001 Alex.
2116 924 2382 999 Protr.
2466 944 2647 1029 pag.
2723 946 2901 1023 57..
2941 919 3137 1004 edit.
3204 924 3503 1024 Venet.

547 1049 728 1129 Hoc
793 1044 1094 1130 fatetur
1165 1049 1372 1126 Plato
1434 1042 1648 1156 apud
1714 1043 2120 1129 Clement.
2188 1039 2711 1127 Alexandria.
2769 1040 3127 1128 Stromat.
3183 1047 3324 1135 lib.
3372 1076 3442 1131 1.
3476 1107 3502 1147 ‚
3581 1069 3589 1075 ·

548 1169 963 1274 Aristoteles
1007 1171 1219 1284 apud
1268 1172 1515 1282 Diog.
1541 1170 1945 1253 Laertium
2012 1172 2097 1250 in
2168 1168 2523 1251 Prooemio
2561 1196 2779 1252 num.
2810 1171 2951 1252 VI.
2993 1196 3271 1287 pag-7·
3307 1172 3506 1286 edit.

540 1293 755 1407 Lips.
796 1355 821 1396 ,
866 1292 1028 1409 ipse
1091 1297 1432 1378 Laertius
1491 1322 1707 1381 num.
1748 1324 1818 1377 ι.
1887 1319 2066 1407 pag.
2101 1321 2180 1400 3.
2221 1295 2358 1376 ubi
2395 1294 2509 1376 ait
2551 1323 2573 1373 ε
2632 1293 3148 1405 Philosophiam
3198 1327 3251 1377 a
3307 1306 3497 1382 Bar-

550 1421 757 1505 barie
814 1422 1037 1504 initia
1065 1415 1383 1536 fiemstffl
1422 1420 1732 1531 quidam
1782 1438 2183 1504 autumant
2205 1479 2229 1518 ‚
2292 1423 2371 1501 δι
2434 1420 2731 1502 iterum
2806 1421 2910 1503 dc
2945 1419 3357 1538 Pythagora
3392 1425 3498 1507 de

492 1549 739 1630 -vitis
794 1543 1079 1629 Philos.
1118 1548 1255 1631 lib.
1298 1551 1373 1628 8.
1416 1572 1586 1657 cap.
1636 1573 1710 1633 1.
1752 1571 1973 1630 num
2006 1546 2271 1629 11.111.
2308 1544 2812 1656 CunHisfere
2878 1549 3179 1630 Graecis
3208 1547 3506 1631 Barba-

552 1673 791 1785 risqu‘e
858 1673 1207 1790 mysteriis
1261 1673 1605 1754 initiatus
1668 1668 1821 1777 est.
1881 1671 2184 1753 Cicero
2260 1667 2363 1753 de
2416 1668 2750 1753 Platone
2803 1666 2946 1752 lib.
2999 1698 3073 1775 5.
3109 1672 3213 1756 de
3267 1670 3497 1758 finib.

557 1796 751 1880 bon.
800 1800 879 1878 δε
939 1799 1120 1880 mal.
1182 1799 1382 1919 Quid
1442 1798 1533 1878 de
1581 1795 1880 1879 Platone
1941 1816 2076 1879 aut
2135 1796 2555 1879 Democrito
2599 1796 2906 1909 loquar,
2964 1825 3015 1878 a
3048 1798 3506 1925 quibuspro·

545 1944 838 2035 pter!
759 1921 1084 2025 distendi
1111 1924 1602 2031 cupiditatem
1635 1921 1979 2005 videmus
2009 1921 2310 2005 ultimas
2333 1927 2579 2003 terras
2612 1917 2742 2035 effe
2761 1944 3261 2034 peragratas,
3318 1951 3512 2037 quae
3579 1987 3588 1992 -

517 2093 529 2103 -
557 2049 699 2161 qui
744 2076 886 2129 non
937 2049 1258 2146 vident,
1308 2046 1502 2129 nihil
1527 2073 1881 2158 umquam
1922 2074 2199 2160 magna
2226 2048 2628 2159 cognitione
2648 2049 2965 2164 dignum
2995 2069 3513 2134 amaverunt.

557 2173 824 2256 Clem.
863 2169 1098 2255 Alex.
1129 2173 1421 2255 Strom.
1474 2170 1623 2255 lib.
1674 2200 1744 2255 1.
1805 2171 2287 2282 Philosophiae
2344 2202 2608 2256 munus
2658 2173 2992 2258 nonnulli
3037 2174 3298 2257 dicunt
3354 2204 3593 2259 coer.

540 2293 719 2410 piffe
769 2326 819 2378 a
881 2299 1235 2401 Bar-baris
1264 2357 1291 2397 ,
1322 2292 1546 2412 fieiffe
1591 2296 1784 2379 enim
1834 2299 2038 2405 apud
2074 2298 2330 2405 Persas
2378 2298 2679 2411 quidem
2733 2300 2993 2411 Magos
3012 2359 3041 2401 ‚
3091 2303 3295 2410 apud
3322 2293 3520 2420 affre

556 2426 704 2506 rios
789 2420 1184 2532 Chaldaeos
1235 2482 1257 2521 ‚
1310 2421 1407 2507 ά·
1466 2421 2059 2540 (gymnosophistas
2106 2424 2309 2533 apud
2356 2426 2574 2506 Indos
2598 2481 2624 2507 .
2692 2424 3009 2509 Confer
3045 2426 3290 2514 Diod.
3328 2428 3515 2511 Sic.

557 2550 610 2630 l.
661 2577 734 2630 1.
782 2551 857 2627 δε
919 2545 1374 2648 Pausaniam
1436 2550 1581 2632 loco
1616 2547 1785 2658 step.
1821 2533 2023 2646 'cit.'‚
2078 2541 2590 2633 Herodotum
2650 2547 2783 2631 lib.
2838 2578 2910 2636 1.
2963 2576 3144 2667 pag.
3179 2581 3317 2655 25.
3367 2581 3516 2661 29.-

556 2669 932 2784 Xenoph.
980 2674 1071 2753 de
1134 2674 1311 2790 Cyri
1339 2672 1565 2777 instit.
1627 2701 1816 2788 pag.
1849 2685 2056 2781 464.
2112 2678 2192 2756 &
2247 2685 2463 2791 436.
2505 2674 2646 2788 qui
2707 2674 2873 2757 duo
2937 2674 3305 2787 postremi
3371 2702 3518 2759 au-

558 2802 815 2881 &ores
868 2820 1067 2878 eum
1122 2822 1309 2879 ante
1366 2824 1669 2879 annum
1727 2809 1924 2900 360.
1996 2822 2261 2886 aetam
2332 2798 2739 2913 vulgarem
2809 2799 3344 2885 excedentem
3404 2800 3512 2884 de

554 2923 950 3033 Magorum
1000 2923 1387 3034 religione
1455 2927 1531 3003 &
1586 2920 1837 3003 studio
1887 2919 2389 3007 differuerint
2445 2939 2470 3021 ‚'
2541 2918 3089 3036 philosophiae
3166 2929 3245 3008 δε
3320 2922 3510 3010 reli-

557 3047 824 3152 gionis
890 3044 1224 3129 studium
1293 3047 1503 3130 inter
1553 3073 1695 3130 eos
1741 3048 2096 3152 viguerit
2144 3046 2253 3135 est
2309 3044 2612 3132 neceffe
2646 3105 2668 3129 .
2734 3046 3105 3134 Profer
3147 3047 3513 3134 Mercurii

2505 4933 2586 5025 C
2649 4952 2700 5018 e
3006 4917 3012 4923 ’
3353 4931 3558 5018 EPI-
