4299 5782
836 258 950 340 86
1036 312 1037 315 ¹
1207 277 1215 284 ·

829 417 973 505 que
1029 386 1603 500 proprietatibus
1643 452 1665 488 ‚
1734 386 2031 504 quibus
2090 384 2443 499 ‘praediti
2493 384 3005 483 eise‘debent
3040 449 3061 471 .
3142 386 3807 509 1··chei1Pe'nzen

833 509 1078 599 abbia
1131 543 1234 597 un
1289 515 1540 627 luogo
1599 517 1976 600 dedicato
2037 575 2064 613 ,
2136 542 2197 598 e
2257 515 2385 596 nel
2450 516 2688 631 quale
2745 514 2954 628 poffa
3017 511 3427 626 disporre.
3506 546 3582 600 2.
3649 516 3804 599 che

718 724 721 727 ,
837 641 1118 756 questo
1184 642 1434 753 luogo
1486 639 1589 721 fia
1645 644 1954 725 abitato
1999 640 2101 722 da
2153 661 2382 724 certo
2444 667 2783 724 numero
2838 640 3216 726 de'Padri
3306 648 3337 743 <
3406 670 3695 755 nempe
3754 668 3803 725 a

836 770 1306 880 Talapoinis
1357 775 1433 870 ).
1506 792 1590 870 3.
1660 768 1811 851 che
1861 764 2196 850 intenda
2252 790 2295 846 e
2350 766 2588 879 legga
2637 766 2695 849 il
2756 769 2965 852 libro
3011 770 3465 855 kammuva.
3537 799 3621 877 4.
3651 764 3805 849 che

835 895 1080 978 abbia
1128 893 1378 1004 giusta
1435 890 1624 978 eta.
1707 924 1784 999 ς.
1838 892 1990 976 che
2055 889 2157 972 fia
2222 915 2413 973 vero
2481 921 2802 991 uomo„
2893 901 3042 979 Per
3099 894 3471 978 ordinare
3544 890 3805 1007 questi

833 1024 1143 1106 Pinzen
1175 1079 1200 1117 ,
1266 1015 1317 1097 fi
1373 1019 1751 1103 adunano
1798 1049 1932 1100 20.
1980 1017 2210 1099 Padri
2278 1017 2356 1099 in
2424 1045 2530 1100 un
2592 1021 2845 1131 luogo
2883 1020 3276 1134 quadrato
3316 1022 3548 1104 detto
3581 1019 3805 1117 Scin,

836 1174 887 1231 e
936 1139 1193 1258 luogo
1251 1141 1725 1254 consagrato
1761 1204 1781 1226 .
1848 1142 2056 1229 Vide
2117 1141 2486 1226 codicem
2553 1143 2808 1258 ipsum
2848 1205 2870 1226 .
2928 1145 3447 1229 Vocabulum
3504 1152 3810 1253 Peguaae·

832 1300 1030 1361 num
1079 1277 1357 1359 Pinzen
1415 1272 1832 1384 corruptio
1891 1269 1998 1355 est
2057 1268 2693 1381 promanansex
2756 1267 3377 1355 Samscrdamica
3439 1270 3795 1353 diCtione

832 1440 951 1531 {m
985 1447 1230 1527 Θέὺυ
1191 1448 1228 1484 ⁰
1290 1441 1565 1551 pancia
1597 1499 1622 1540 ,
1653 1439 2037 1553 quinque,
2104 1436 2235 1522 vel
2283 1443 2596 1552 potius·
2613 1465 2659 1522 a
2712 1433 3207 1524 Malabarico
3337 1464 3454 1522 ...ι
3494 1443 3661 1522 Θὲὺ
3694 1450 3801 1515 Μ,

821 1617 1184 1731 pancien,
1244 1612 1604 1725 quintus,
1666 1603 1712 1691 s
1699 1636 1803 1693 eu
1856 1608 2182 1720 quinque
2246 1607 2669 1695 virtutibus
2710 1632 2848 1694 aut
2881 1610 3470 1719 proprietatibus
3535 1606 3807 1709 instru-

831 1742 1048 1828 Hus.
1118 1741 1219 1822 Hi
1274 1729 1721 1852 philosophi
1782 1793 1808 1834 ,
1877 1758 1963 1818 ut
2018 1734 2154 1818 alii
2224 1732 2638 1822 Samanaei
2711 1740 2791 1821 in
2879 1761 3139 1846 regno
3204 1736 3378 1826 Ava
3436 1739 3514 1818 &
3581 1736 3804 1845 Pegu

834 1861 1157 1953 Samanb
1206 1866 1461 1961 dieti,
1540 1891 1612 1945 ι.
1683 1884 2106 1974 nequeunt
2177 1857 2344 1974 post
2401 1865 2820 1948 meridiem
2882 1862 3433 1945 manducare·
3506 1889 3584 1943 2.
3620 1857 3800 1973 ipsis

832 2023 998 2078 non
1064 1989 1260 2076 licet
1316 1989 1772 2073 aromaticis
1837 1984 2354 2072 unetionibus
2423 1994 2609 2072 uti·
2679 2017 2758 2095 3.
2817 2013 3243 2100 nequeunt
3277 1982 3797 2100 speaaculis,

829 2118 1126 2208 festivis
1195 2118 1592 2229 pompis,
1639 2140 1733 2195 ac
1790 2109 2276 2197 secularibus
2339 2115 2710 2227 tripudiis
2768 2110 3078 2197 adeffe.
3146 2143 3232 2222 4.
3298 2139 3460 2195 non
3517 2115 3634 2194 eis
3706 2112 3801 2193 li-

831 2270 967 2330 cet
1026 2269 1307 2328 aurum
1367 2266 1506 2323 aut
1565 2259 1993 2349 argentum
2060 2241 2424 2323 manibus
2491 2243 3050 2325 contrectare.
3127 2268 3204 2345 5.
3255 2238 3802 2351 prohibentur

752 2436 757 2443 .
833 2369 1199 2454 habitare
1261 2368 1437 2449 loca
1478 2348 1879 2462 humilia,
1941 2363 2282 2465 infima,
2344 2363 2680 2480 aliisque
2718 2366 3052 2447 minoris
3088 2367 3590 2449 austoritatis
3635 2363 3804 2446 Ἰ2·

825 2495 1177 2609 lapoinis
1235 2488 1641 2577 subiecta.
1708 2495 1932 2573 Haec
1987 2518 2243 2600 pauca
2309 2517 2411 2572 ex
2466 2493 2675 2574 libro
2747 2491 3158 2573 kammuva
3231 2485 3575 2602 attigisse
3634 2483 3800 2572 suf·

823 2616 1100 2717 ficiat3
1165 2620 1293 2718 ii,
1357 2643 1563 2733 quos
1620 2618 2143 2701 accuratioris
2215 2619 2558 2700 notitiae
2622 2612 3103 2699 desiderium
3174 2620 3487 2728 tangit,
3540 2613 3804 2697 oculis

821 2750 905 2829 δε
983 2768 1256 2829 mente
1347 2766 1832 2855 percurrant
1938 2736 2372 2853 ipsummet
2467 2739 2764 2825 librum
2863 2744 3273 2825 kammuva
3336 2804 3358 2839 ,
3453 2732 3795 2853 eiusque

822 2869 1318 2957 versionem.
1386 2872 1834 2968 Ceterum,
1900 2894 2001 2968 εις
2065 2869 2288 2953 cultu
2373 2869 2582 2980 ignis
2635 2873 2712 2951 δι
2769 2895 3027 2981 aquae
3067 2924 3093 2966 ,
3182 2864 3810 2952 exlustrationi-
3870 2876 3882 2881 ’

822 2999 979 3082 bus
1034 3003 1111 3080 δε
1169 2991 1930 3110 purificationibuS,
1993 3019 2093 3077 ex
2125 2995 2511 3107 dogmate
2547 2988 3270 3109 transmigrationis
3309 2997 3808 3090 animarum,

822 3147 928 3205 ex
980 3120 1138 3236 fide
1198 3125 1281 3203 in
1339 3145 1700 3203 montem
1754 3127 1982 3202 Mer-u
2032 3112 2166 3203 seu
2239 3122 2554 3203 Himala
2619 3177 2649 3220 ,
2742 3148 2844 3204 ex
2909 3120 3386 3203 abstinentia
3479 3116 3588 3202 ab
3669 3114 3805 3201 esu

824 3250 1251 3347 carnium,
1316 3248 1393 3326 &
1449 3272 1494 3327 a
1530 3246 1779 3328 caede
1833 3245 2297 3328 animalium
2336 3245 2447 3329 ob
2476 3246 2774 3357 dogma
2842 3239 3567 3356 transmigrationis
3628 3246 3804 3328 ani-

822 3398 1196 3474 marum,
1256 3389 1356 3454 ex
1425 3366 1986 3455 observatione
2044 3368 2809 3469 constellationum,
2867 3369 3104 3469 fato,
3166 3371 3604 3455 aedictum
3633 3368 3807 3452 fau-

794 3494 1119 3581 storum
1179 3502 1259 3582 δι
1303 3494 1847 3594 nefastorum,
1916 3495 2046 3577 cui
2102 3494 2185 3577 hi
2245 3490 2695 3609 philosophi
2753 3497 3200 3582 hodiedum
3246 3492 3805 3595 addistisunt,

823 3623 979 3707 iam
1038 3619 1385 3740 quisque
1454 3619 1698 3706 facile
1755 3646 2096 3734 arguet,
2144 3621 2453 3731 primo,
2518 3621 2667 3705 hos
2721 3619 3242 3737 philosophos
3324 3623 3651 3706 Indicos
3715 3624 3793 3702 δι

706 3845 711 3848 ,
819 3751 1254 3863 Peguanos
1309 3774 1573 3831 veram
1639 3741 1791 3833 effe
1854 3770 2226 3833 veterum
2292 3749 2918 3834 Samanaeorum
2968 3746 3307 3849 sestam,
3369 3776 3462 3831 ac
3531 3747 3800 3861 proin·

820 3873 950 3959 de·
997 3871 1466 3986 gentilicam
1519 3932 1545 3973 ,
1632 3877 1712 3957 δι
1760 3897 1806 3955 2
1860 3871 2299 3959 christianis
2362 3879 2700 3960 omnino
2784 3875 3229 3963 distinstam
3300 3932 3323 3956 .
3427 3874 3804 3972 Secundo,

820 3999 1227 4085 infertur:
1301 3995 1447 4097 hos
1510 3993 1720 4108 ipsos
1785 4001 2267 4085 samanaeos
2327 4002 2482 4083 iam
2528 3993 2831 4085 ‚seculo
2897 4025 3192 4119 quarto
3253 4026 3300 4081 a
3377 3995 3793 4085 monachis

819 4124 1258 4211 christianis
1311 4126 1393 4207 in
1462 4124 1699 4210 India
1760 4128 1838 4209 δι
1893 4124 2208 4209 Perside
2267 4120 2831 4210 habitantibus
2863 4120 3183 4242 prorsus
3218 4119 3571 4210 diversos
3603 4118 3800 4210 fuis-

815 4247 954 4354 se,
1010 4253 1088 4332 δι
1157 4248 1587 4336 stoicorum
1639 4247 2262 4337 Samanneorum
2306 4252 2636 4366 quidem
2710 4278 3138 4338 numerum
3220 4254 3306 4334 in
3363 4253 3595 4336 India
3670 4255 3796 4335 in-

816 4401 1153 4489 gentem
1211 4371 1632 4478 exstitiffe,
1697 4379 2086 4491 exiguum
2133 4400 2464 4475 autem,
2524 4375 3166 4493 eumquefide,
3227 4379 3634 4476 moribus,
3682 4380 3800 4460 in·

816 4501 1107 4586 stitutis
1191 4505 1529 4587 omnino
1607 4503 2057 4589 distinetum
2152 4499 2737 4585 monachorum
2807 4502 3485 4590 christianorum.
3580 4504 3794 4589 Vide

813 4617 1317 4724 Eusebium,
1382 4627 1865 4714 Strabonem
1926 4633 2005 4710 δι
2065 4626 2496 4744 Iosephum
2554 4630 3017 4724 Hebraeum
3077 4631 3253 4714 locis
3299 4629 3794 4742 stapracltatt‘s

816 4755 897 4840 ἃ.
965 4773 1151 4837 curu
1191 4741 1468 4884 primis
1502 4753 2030 4870 Porphyrium
2059 4756 2185 4841 tib.
2223 4787 2308 4869 4.
2357 4755 2961 4865 deabstinentia,
3025 4754 3494 4843 ubihorum
3533 4753 3796 4839 ethni-

3515 4902 3797 4966 cotum
