4299 5782
2860 343 2867 348 ·
3338 306 3374 371 1
3466 318 3502 377 t

549 414 630 496 δι
701 431 777 517 3.
834 395 1111 491 scribit
1173 390 1680 524 Maha'tabcffl
1721 401 2457 521 Dbermara'gt'aguru
2517 428 2853 520 magnus
2909 315 3505 527 contemplatbr

551 537 886 623 Dherma
909 535 1105 648 regis
1134 532 1545 645 magistet,
1608 561 1944 648 magnus
1982 530 2350 649 sapienS,
2417 556 2761 648 magnus
2799 534 3221 650 magister.
3251 535 3504 624 Grae.

554 668 631 749 ci
685 690 906 747 cum
917 656 1411 774 HesychiO,
1467 657 1831 758 Persae,
1872 663 2137 745 Latini
2200 661 2433 745 nobis
2499 660 2738 745 huius
2802 659 3172 748 vocabuli
3219 673 3503 778 Magus

552 790 788 902 Magi
835 788 1233 886 radicem,
1294 812 1685 902 etymon,
1746 792 1826 871 δι
1880 784 2545 901 significationem
2608 765 3078 885 ostendant,
3145 791 3504 878 derivata

551 912 800 1000 huius
857 914 1228 999 vocabuli
1291 913 1529 996 nobis
1596 938 1973 1027 promant
2047 974 2072 1011 ,
2147 914 2424 1000 dicant
2484 913 2700 997 unde
2759 971 2785 1012 ,
2852 918 2930 996 δι
2993 941 3095 1000 ex
3149 939 3505 1033 quanam
3654 985 3664 992 .

557 1039 848 1127 radice
872 1030 1310 1124 descendat
1365 1065 1680 1152 magus
1721 1043 1800 1123 δι
1849 1064 1997 1124 cut·
2054 1040 2272 1154 apud
2322 1042 2688 1125 Graecos
2743 1044 2825 1123 &
2881 1040 3094 1154 apud
3158 1048 3503 1130 Cicero-

562 1192 749 1251 nem
803 1163 1002 1257 haec
1053 1192 1208 1250 vox
1269 1164 1318 1247 Γ
1295 1163 1663 1277 gnificet
1702 1142 2120 1275 sapientem
2186 1170 2265 1248 &
2315 1167 2607 1250 dodum
2673 1221 2703 1265 ,a
2790 1191 2936 1248 cut
3012 1193 3174 1252 non
3208 1172 3509 1283 potius

549 1317 979 1405 augurem,
1015 1318 1336 1404 magum
1362 1290 2544 1406 divinatorem&nugatorem3
2583 1293 3076 1392 Herodotus,
3109 1294 3351 1378 Plato
3339 1299 3514 1391 Xe·

556 1416 948 1530 nophon,
1015 1420 1369 1515 Cicero,
1421 1418 1847 1517 Laertius,
1909 1413 2326 1502 Pausanias
2385 1415 2544 1500 hoc
2626 1418 3023 1501 vocabulo
3078 1418 3507 1529 staplentem

553 1545 1044 1651 &sacrorum
1104 1564 1515 1627 curatorem
1578 1540 2097 1655 intelligunt,
2172 1567 2418 1627 eccur
2480 1521 2778 1626 Graeci
2829 1537 3008 1624 suos
3057 1542 3515 1652 antistites,

554 1672 633 1751 δι
694 1661 1208 1782 philosophos
1275 1645 1435 1754 hoc
1483 1665 1885 1754 vocabulo
1952 1696 2115 1752 non
2178 1664 2818 1780 insigniverunt,
2870 1693 3054 1752 curn
3130 1667 3269 1784 ipsi
3329 1665 3513 1782 phi·
3587 1729 3607 1780 ί.

554 1788 904 1904 losophis
956 1798 1033 1875 δι
1093 1788 1489 1878 sacrorum
1531 1792 2014 1878 antistitibus
2068 1791 2303 1906 gavisi
2366 1791 2418 1877 Γ
2424 1815 2513 1876 nt
2572 1799 2611 1855 ‘²
2675 1787 2918 1876 Maha
2970 1817 3216 1905 ergn,
3284 1790 3513 1908 quod

489 1903 596 2003 „a
651 1917 898 2001 Persis
947 1922 1033 1998 ὃς
1109 1920 1444 2001 Graecis
1506 1942 1978 2033 corruptum
2049 1919 2212 2003 fuit
2274 1917 2355 2003 in
2388 1924 2750 2030 Magus,
2772 1943 2966 2011 vox
3020 1917 3128 2003 est
3179 1918 3512 2003 aliunde
3593 1957 3599 1962 ·

553 2043 845 2138 allata,
911 2036 1398 2143 adventitia,
1456 2046 1531 2125 δι
1580 2046 2060 2156 peregrina,
2108 2071 2216 2130 ex
2265 2044 2548 2143 India,
2611 2045 3299 2149 &Samfi-rdamica
3354 2041 3515 2129 lin-

623 2194 722 2251 ua
783 2162 1322 2252 descendens,
1389 2172 1566 2252 Nec
1615 2172 1965 2267 mitum,
2023 2168 2075 2253 si
2140 2170 2462 2285 antiqui
2519 2167 2851 2282 Maga,·
2884 2169 3008 2257 vel
3036 2179 3317 2282 Magus
3361 2193 3515 2282 pto

404 2396 408 2400 .
553 2192 801 2377 {iana
856 2321 1168 2405 magnus
1238 2289 1770 2405 scripserunt,
1831 2320 2018 2388 cum
2073 2294 2310 2377 multi
2376 2294 2780 2407 Europaei
2840 2318 3224 2408 corrupte
3261 2291 3516 2407 Mage?

553 2445 703 2534 pro
758 2414 1000 2502 Maba‘
1054 2418 1489 2504 hodiedum
1553 2414 1905 2504 scribant
1967 2478 1993 2520 ,
2065 2424 2143 2502 δε
2206 2413 2667 2527 Tamulenses
2750 2420 2931 2503 Indi
3004 2423 3118 2504 ita
3179 2439 3516 2505 exarare
3622 2493 3627 2498 .

556 2543 1247 2658 compelluntur,
1306 2548 1500 2660 quia
1565 2546 1836 2629 littera
1896 2545 1944 2627 h
2008 2569 2368 2652 carent,
2430 2548 2563 2629 cui
2660 2539 3134 2632 substituere
3205 2571 3518 2659 cogun-

551 2691 688 2752 tur
730 2670 1079 2769 litteram
1127 2701 1267 2782 g.,
1325 2670 1540 2753 unde
1609 2673 2009 2754 exoritur
2027 2671 2276 2781 Maga
2335 2698 2481 2784 pro
2545 2665 2849 2769 Maha',
2891 2669 3296 2781 Magulma
3359 2696 3513 2783 pro

548 2792 899 2890 Mahtma
931 2791 1094 2877 ὡς.
1133 2793 1340 2876 Vide
1395 2815 1811 2904 grammat.
1848 2793 2479 2895 TamulicamR.
2511 2799 2592 2884 Ρ.
2627 2781 2905 2880 Beschi
2941 2804 3011 2891 ς.
3029 2801 3152 2876 VI.
3177 2817 3357 2907 pag.
3368 2821 3513 2901 30.

549 2917 658 3005 At
719 2921 800 3001 in
875 2920 1154 3032 lingua
1218 2914 1840 3006 Samscrdamica
1903 2919 2182 3006 littera
2245 2922 2295 3004 h
2351 2921 2704 3006 valorem
2766 2916 2994 3005 suum
3043 2915 3511 3022 conservat,

553 3044 779 3129 unde
852 3043 903 3129 s
912 3068 943 3129 t
996 3040 1425 3158 Maba'guru
1476 3058 1809 3157 magnus
1870 3044 2238 3158 magister
2299 3108 2325 3147 ,
2406 3043 2838 3139 maba'mum’
2892 3071 3238 3157 magnus
3294 3043 3519 3131 silen-

481 3198 490 3209 ·
560 3172 842 3254 tiatius
877 3230 901 3271 ,
969 3197 1310 3285 magnus
1361 3170 1951 3285 contemplator
1983 3230 2010 3271 ,
2055 3174 2301 3257 Maka
2322 3171 2553 3259 Ma‘ra
2591 3198 2927 3285 magnus
2970 3179 3197 3255 Mera
3232 3196 3520 3274 monS,

340 3367 348 3374 .
453 3294 482 3307 '
546 3296 1133 3381 Mahabhdrada
1172 3323 1460 3409 magna
1493 3294 1810 3380 historia
1845 3357 1869 3396 ,
1930 3298 2176 3382 Malea
2214 3293 2504 3417 Tabaffl
2519 3325 2851 3410 magnus
2882 3300 3318 3411 poenitens
3351 3301 3507 3383 &c-

545 3420 763 3507 Vide
800 3423 1369 3509 dictionarium
1401 3430 1487 3506 P.
1510 3424 1961 3507 Hanxleden
1986 3483 2013 3523 ,
2076 3424 2632 3513 Ptolemaeum
2659 3427 2964 3536 Geogr.
2990 3422 3122 3505 lib.
3151 3424 3229 3503 6.
3255 3421 3513 3508 tab.X.

549 3547 750 3631 edit.
783 3547 1126 3662 Argent.
1164 3611 1191 3650 ,
1260 3548 1400 3633 ubi
1469 3546 1571 3629 ad
1632 3549 2109 3634 Pallimbotra
2172 3548 2305 3637 seu
2361 3553 2832 3663 Pall1’patur‚
2883 3551 2984 3634 a'd
3051 3548 3381 3632 Yamuna
3438 3551 3520 3632 &

490 3710 498 3717 ·
549 3679 880 3785 Gangem
904 3676 1384 3781 Brah'manes
1420 3679 1690 3787 Magos
1743 3674 2094 3761 collocat
2128 3738 2158 3778 ,
2220 3685 2538 3793 Magnos
2569 3702 2857 3792 nempe
2886 3675 3339 3759 Brakmanes
3380 3669 3519 3758 seu

540 3867 844 3949 magnos
909 3841 1336 3954 magistros,
1394 3812 1869 3958 qui'lingua
1919 3838 2544 3951 Samscrdamica
2619 3846 3514 3979 AmSanAfflss

514 4007 783 4093 -Maha
848 4009 1275 4100 Brakmana
1328 4032 1721 4110 vocantur
1755 4057 1782 4087 .
1851 4012 2271 4127 Quocirco
2325 4006 2569 4100 etiam
2635 3996 2850 4129 apud
2885 4008 3347 4096 Pausaniam
3414 4010 3515 4093 lo·

542 4134 621 4218 c'o
675 4136 902 4217 citato
933 4193 957 4234 ,
1022 4163 1184 4221 non
1242 4142 1514 4249 Magor
1580 4132 1709 4223 sed
1767 4145 2085 4251 Magnos
2139 4132 2566 4226 scribitur:
2639 4142 2915 4224 Prlmos
2937 4138 3264 4246 omnium
3290 4136 3516 4218 chal-

487 4261 755 4377 daeos
807 4257 908 4344 ά·
950 4263 1295 4345 Indorum
1357 4272 1676 4375 Magnos
1729 4259 1890 4350 &a
1938 4263 2147 4349 Vide
2191 4266 2384 4354 edit.
2441 4251 2700 4380 Lugd.
2763 4284 2982 4351 anno
3047 4289 3309 4368 1559.
3381 4257 3518 4349 Se-

527 4389 940 4502 ptuaginta
994 4391 1185 4471 duae
1244 4390 1682 4475 salutandae
1751 4391 2227 4502 philosophiae
2281 4391 2562 4502 species
2613 4394 2695 4475 ln
2760 4390 3111 4473 Indorum
3157 4387 3518 4495 sodalitio

545 4508 972 4614 habentur,
1017 4509 1118 4600 ὰ
1163 4545 1261 4637 gy
1267 4513 1930 4627 mnestrpht'starum,
1994 4514 2093 4603 (Ψ
2155 4519 2826 4615 Brachmanorum,
2859 4517 3053 4621 solis
3094 4515 3209 4600 his
3253 4518 3527 4601 lauda-

487 4706 495 4714 .
542 4640 701 4723 tis·
760 4635 857 4723 ό·
902 4644 1169 4799 pseudo
1206 4640 1854 4747 brachmanorum,
1904 4639 2002 4730 (θ’
2062 4646 2666 4763 necyophagorum
2712 4645 2854 4760 qu!
2904 4665 3199 4728 mortua
3250 4645 3480 4729 edunt
3501 4700 3567 4745 ,-
3680 4746 3685 4751 ⁹

541 4759 646 4850 ό·
704 4795 948 4858 eorum
1001 4774 1142 4889 qm·
1184 4775 1433 4890 turpia
1485 4793 1938 4888 operantur,
1982 4758 2084 4862 ὀ·
2145 4804 2391 4864 eorum
2440 4774 2581 4991 qul?
2624 4776 2844 4990 «gelat
2857 4769 3155 4886 stupldl
3200 4772 3527 4876 nvnss'n·

3273 4900 3479 4986 tium
3502 4954 3530 4983 ο
