4299 5782
811 321 982 382 212
3566 339 3573 344 ·

800 422 1124 507 adunco
1158 481 1186 519 ,
1249 412 1568 509 mistace
1627 424 1709 509 δι
1762 418 2039 511 colore
2090 412 2315 515 flavo
2353 415 2875 536 distinguitur
2908 482 2935 507 .
2993 415 3152 506 Hic
3187 407 3506 518 Rimata
3534 412 3785 507 deun

799 572 950 663 per
1002 574 1273 635 aerem
1329 572 1600 661 portat
1653 608 1679 635 .
1749 546 2237 639 Perisomata
2329 546 2466 635 seu
2557 546 2978 633 femoralia
3039 550 3250 632 arcta
3323 551 3404 631 δι
3454 542 3787 659 angusta

800 700 1036 759 more
1088 671 1542 760 baiulorum
1576 677 2053 762 Indicorum
2087 680 2419 766 indutus
2448 673 2885 763 exhibetur
2915 733 2939 758 .
3006 668 3497 758 Vishnuseu
3540 668 3779 755 Rima

799 796 994 886 heic
1078 800 1353 885 colore
1445 802 1703 889 rubeo
1778 805 2145 919 pingitur
2183 867 2210 892 .
2272 807 2563 917 Figura
2597 804 2695 885 11.
2768 798 3266 886 fimuiactum
3324 801 3457 885 dei
3506 798 3781 883 Vishnu

805 927 1078 1014 currui
1146 922 1598 1040 impolitum
1637 991 1657 1028 ‚
1718 956 1891 1046 quo
1937 933 2019 1015 in
2080 928 2416 1017 solemni
2474 956 2771 1042 pompa
2826 928 3154 1014 vehitur
3207 991 3231 1015 .
3293 929 3584 1041 Figura
3637 924 3785 1012 111.

802 1051 1122 1138 Vishnu
1196 1047 1330 1136 seu
1396 1047 1635 1141 Rima
1700 1054 2062 1143 humeris
2130 1054 2328 1145 fimii
2387 1055 2800 1142 Hanumdn
2865 1049 3000 1139 seu
3059 1054 3281 1139 Panis
3370 1053 3506 1138 dei
3597 1045 3784 1134 inii-

804 1177 1064 1265 dens.
1127 1184 1289 1261 Pan
1351 1179 1555 1267 deus
1617 1178 1820 1268 Solis
1862 1187 1942 1269 dt
2006 1185 2286 1270 Lunae
2336 1181 2553 1269 filius
2613 1205 2903 1268 ventus
2958 1176 3068 1274 est
3126 1163 3159 1279 ,⁶
3245 1179 3389 1294 qui
3459 1174 3785 1261 mnsam

800 1298 944 1389 seu
1008 1304 1372 1391 Bacchum
1457 1332 1605 1423 per
1671 1334 1942 1396 aerem
1991 1333 2265 1424 portat
2318 1309 2605 1412 ‚·du·m
2671 1305 2918 1390 Raima
2987 1329 3275 1416 contra
3344 1303 3782 1390 Plutonem

719 1495 732 1508 .
796 1429 1139 1519 Ravana
1186 1432 1521 1519 dimicat
1557 1493 1583 1520 .
1647 1437 1936 1549 Figura
1987 1437 2130 1525 lv,
2221 1435 2670 1523 incarnatio
2733 1432 2867 1517 dei
2933 1429 3248 1516 Vishnu
3312 1433 3397 1514 in
3449 1455 3787 1540 aprum,

798 1580 893 1642 ut
952 1558 1037 1642 in
1092 1556 1406 1644 diluvio
1461 1556 1886 1647 universali
1950 1563 2036 1648 in
2094 1586 2311 1648 mare
2360 1553 2811 1674 prolapsum
2866 1555 3259 1641 mundum
3323 1555 3571 1641 dente
3629 1548 3781 1640 suo

798 1682 1093 1796 aprino
1147 1684 1445 1768 'educat
1499 1687 1979 1782 &atton-at.
2049 1689 2324 1775 Vishnu
2353 1688 2556 1773 deus
2613 1681 2839 1771 sedes
2874 1684 3139 1796 capite
3197 1684 3539 1795 aprino,
3597 1679 3784 1765 reli-

794 1834 969 1923 quo
1035 1835 1374 1920 corpore
1431 1812 1789 1899 humano
1823 1879 1849 1916 ‚
1912 1813 2260 1927 pedibus
2321 1806 2804 1901 decuffatis.
2870 1806 3090 1895 Infra
3142 1809 3434 1923 appidi
3471 1802 3781 1916 exstant

793 1932 968 2020 duo
1067 1931 1326 2050 pisces
1408 1942 1486 2025 δι
1572 1939 2187 2028 tabernaculum
2256 1965 2600 2028 vacuum
2704 1940 2947 2024 turris
3014 1932 3245 2020 instar
3317 1927 3782 2047 affut-gens,

794 2060 1026 2178 quod
1085 2083 1346 2146 terrae
1415 2060 1870 2186 symbolum
1928 2065 2040 2153 est
2098 2096 2251 2186 per
2304 2067 2625 2156 Vishnu
2681 2063 2930 2153 deum
3014 2063 3097 2145 in
3161 2056 3425 2171 piliem
3507 2063 3780 2147 incar·

790 2207 1074 2273 natum
1137 2211 1184 2271 a
1234 2186 1549 2279 diluvio
1599 2184 1950 2280 servatae
1982 2241 2014 2263 ·

1041 2313 1423 2399 Secundo
1485 2317 1774 2433 ordine
1832 2322 1917 2403 in
1953 2316 2258 2404 ,eadem
2287 2318 2513 2404 valva
2564 2313 2823 2428 figura
2858 2318 2919 2402 1.
2998 2310 3277 2399 Vlsbnu
3304 2310 3505 2399 deus
3544 2332 3774 2426 equo

785 2430 981 2523 albo
1047 2437 1449 2551 generoso
1507 2440 1910 2528 infidens.
1977 2445 2359 2529 Manibus
2417 2446 2630 2556 gerit
2669 2451 2985 2530 ciacra.
3053 2442 3281 2525 Haec
3349 2439 3456 2525 est
3516 2440 3779 2521 incar·

784 2565 1014 2649 natio
1070 2565 1248 2652 eius
1312 2572 1594 2654 ultima
1640 2570 1726 2654 in
1775 2594 2081 2682 equum
2142 2571 2445 2685 Calejgui
2487 2564 2624 2654 seu
2672 2566 3067 2682 Pegafiem‚
3133 2563 3410 2652 futura
3446 2562 3778 2681 quando

779 2686 1475 2780 addestruendum
1499 2695 1784 2784 veniet
1827 2695 2219 2784 mundum
2251 2755 2272 2778 .
2337 2704 2433 2802 (1)
2467 2695 2627 2781 Alii
2691 2690 3279 2781 incarnandum
3304 2688 3456 2778 effe
3484 2691 3778 2776 dicunt

775 2814 865 2902 in
932 2840 1216 2933 regem
1283 2825 1481 2939 equi
1531 2818 1772 2908 huius
1832 2822 2415 2910 conductorem
2465 2881 2490 2907 .
2586 2821 2680 2908 In
2750 2820 2910 2910 hoc
2976 2842 3518 2909 monumento
3578 2810 3772 2928 *ipse

774 2942 986 3028 deus
1043 2943 1361 3034 Vishnu
1428 2950 1676 3064 regiis
1735 2945 2182 3061 insignibus
2236 2949 2649 3037 distinaus
2692 2947 2982 3036 inlidet
3038 2972 3321 3063 equo.
3387 2946 3556 3058 Fig.
3623 2942 3773 3028 111.

778 3069 1062 3154 Vlslmu
1105 3071 1306 3158 deus
1374 3075 1720 3163 insidens
1788 3074 2229 3191 elephanto
2284 3073 2496 3164 facie
2561 3075 2814 3164 rubea
2850 3135 2879 3178 ,
2942 3105 3027 3183 4,
3100 3071 3531 3172 manibus,
3597 3094 3782 3152 ΜΟ·

775 3194 1086 3284 nilibus
1153 3199 1427 3290 multis
1485 3203 1978 3289 adornatus.
2045 3204 2580 3290 Simulacrum
2659 3200 2819 3288 hoc
2913 3193 3464 3313 repraesentat
3521 3194 3775 3281 deum

780 3319 1061 3407 Vlshnu
1112 3323 1676 3417 incarnatione
1737 3324 2007 3430 sexta,
2047 3332 2130 3415 in
2200 3325 2449 3416 Rama
2478 3328 2726 3416 deum
2788 3323 2925 3414 scu
2989 3324 3398 3412 Bacchum
3486 3319 3774 3407 humi-

773 3444 931 3535 dae
1007 3474 1343 3539 naturae
1410 3453 1833 3545 dominum
1894 3457 2405 3543 incarnatum
2456 3517 2485 3559 ‚
2548 3458 2695 3572 qui
2784 3450 3227 3566 elephanto
3285 3448 3680 3536 infidcbat
3736 3471 3773 3547 ‚¹

776 3570 976 3659 dum
1022 3575 1334 3665 Indiam
1387 3574 1823 3668 oberrabat
1885 3637 1914 3679 ‚
1976 3578 2418 3669 dimicabat
2477 3641 2507 3684 ,
2594 3585 2677 3666 &
2755 3571 3088 3668 Ravana
3146 3602 3427 3693 regem
3488 3576 3593 3662 ad
3646 3567 3770 3659 sui

772 3695 1285 3789 deditionem
1337 3704 1733 3819 cogebat.
1799 3701 2162 3791 Bacchus
2214 3734 2458 3794 manu
2539 3729 2774 3795 tenet
2840 3705 3253 3793 baculum.
3289 3705 3773 3801 aduncunn

774 3849 951 3941 quo
1011 3827 1483 3945 elephantes
1539 3831 1641 3916 ad
1696 3828 2038 3946 greffum
2098 3834 2552 3922 incitantur
2587 3892 2611 3917 .
2675 3835 2965 3945 Figura
3022 3832 3167 3916 111.
3249 3829 3762 3915 fimulacrum

766 3946 1126 4043 famulae
1187 3982 1295 4043 ex
1364 3985 1711 4045 numero
1748 3985 2083 4059 earum,
2117 3987 2331 4080 quae
2383 3951 2782 4067 Divadcitst
2830 3956 2965 4046 seu
3025 3959 3376 4070 famulae
3456 3959 3761 4041 deorum

761 4076 1219 4185 dicuntur,
1277 4087 1358 4169 δε
1421 4087 1741 4200 templis
1795 4080 2302 4175 inserviunt.
2365 4089 2559 4176 Una
2606 4111 2849 4173 manu
2906 4111 3047 4170 aes
3095 4107 3575 4199 campanum
3616 4079 3761 4171 seu

763 4206 1406 4313 nolamsaltera
1465 4210 2040 4305 candelabrum
2094 4216 2311 4330 gerit
2341 4266 2375 4316 ,
2436 4210 2964 4302 instrumenta
3037 4211 3322 4300 Indica
3378 4236 3591 4331 quae
3661 4205 3753 4297 in

3613 4361 3757 4424 ex·

847 4604 958 4693 (t)
1002 4604 1218 4678 Multa
1265 4607 1341 4675 ὑ
1383 4610 1572 4684 varia
1612 4601 1934 4680 homiuum
1979 4611 2189 4682 exim
2309 4629 2473 4683 vero
2499 4607 2652 4684 netes
2691 4603 3166 4683 cantitamus
3182 4571 3190 4578 ’
3200 4601 3356 4693 fert·
3385 4652 3406 4677 .
3454 4602 3752 4675 Verba..

731 4694 1008 4790 fuerunt
1028 4746 1050 4776 ‚
1065 4718 1364 4788 eramque
1387 4748 1410 4770 .
1457 4703 1757 4777 naim
1779 4702 2044 4794 quidem
2067 4717 2189 4772 m
2311 4706 2601 4794 Aegyptii
2632 4705 2987 4773 Sacerdotis
3011 4703 3087 4770 ad
3107 4700 3395 4776 Solone!
3416 4697 3585 4794 apud
3602 4701 3752 4769 1²12·

626 4846 639 4855 .
745 4794 916 4880 Ignis
946 4794 1425 4879 conflagratione
1451 4837 1476 4872 ,
1514 4810 1630 4861 eut
1653 4813 1860 4882 aquae
1905 4793 2188 4864 inundae·
2315 4813 2463 4869 ton.
2486 4799 2560 4868 in
2578 4798 2827 4871 27ch
2852 4816 3004 4889 pag.
3016 4809 3140 4876 104
3147 4811 3212 4883 3.

744 4880 1017 4958 mnibus
1074 4885 1421 4976 paveam
1461 4885 1688 4973 nes-effi
1737 4881 1821 4973 est
1853 4930 1886 4972 ‚
1920 4890 2194 4963 -mam
