4299 5782
3369 312 3535 393 123
3591 318 3596 321 ·

564 425 720 492 tem
770 429 1086 498 externa
1144 433 1447 499 tantum
1479 416 1710 530 stgna
1764 412 2193 503 traHantur
2218 474 2244 517 ,
2304 413 2495 503 nihil
2515 411 2805 525 solicito
2857 413 2952 496 de
3004 409 3362 521 penitiore
3425 440 3542 510 cog·

557 536 885 644 gnitione
937 568 1180 623 eorum
1211 601 1236 639 ,
1295 571 1488 652 quae
1531 569 1667 650 per
1726 546 1862 630 illa
1885 541 2420 655 significantur
2441 600 2462 629 .
2523 546 2740 625 Idem
2758 538 3233 647 stntt'endum
3294 533 3390 641 est
3448 538 3541 639 de

576 662 774 776 Syris
834 684 1061 774 atque
1118 666 1340 749 Indis
1371 726 1398 767 ,
1453 660 1552 753 &r
1596 690 1949 782 quotquot
2001 671 2154 752 alil
2173 669 2595 779 scripturas
2605 669 2829 778 fimus
2884 663 3160 746 babent
3221 662 3543 785 συνηβή-

574 784 811 875 bulis.
879 789 1343 876 D0Wilkins
1378 853 1405 887 .
1466 793 1837 907 Hastings
1872 858 1894 893 ‚
1960 794 2323 893 Halhe'd,
2387 793 2729 879 Holwell
2778 853 2804 892 ,
2874 792 3086 873 DoW
3120 847 3144 886 ‚
3204 785 3547 901 Anque-

582 910 734 1010 til,
799 916 939 1025 qui
1005 916 1450 1025 praedictos
1518 920 1840 1003 Indicos
1893 919 2144 1002 libros
2207 917 2478 1035 Vydstte
2538 914 2672 1001 seu
2742 912 3227 1031 Vedavya'sae
3314 911 3542 995 Indi·

585 1061 687 1116 co
734 1030 1068 1145 sapienti
1140 1038 1600 1125 adscribunt
1672 1098 1697 1133 ,
1763 1044 2096 1135 videant
2187 1048 2271 1127 in
2340 1043 2713 1129 Examina·
2769 1039 3549 1147 hfflorico-critico‘co·

576 1160 823 1242 dicum
876 1166 1288 1246 Indicorum
1347 1195 1526 1279 pag.
1562 1196 1700 1273 32.
1774 1197 1812 1272 3
1836 1198 1912 1274 3.
1970 1196 2110 1277 34.
2171 1195 2320 1274 35,
2375 1197 2469 1252 ea
2506 1197 2714 1283 quae
2750 1170 2866 1281 de‘
2907 1164 3163 1249 Budha
3197 1169 3270 1245 &
3314 1162 3548 1282 Vydsa

586 1280 882 1367 fictitiis
935 1275 1389 1372 Indicarum
1456 1319 1721 1378 rerum
1780 1288 2302 1406 scriptoribus
2354 1297 2714 1376 diximus
2778 1344 2802 1368 .
2849 1292 3121 1385 'Actes
3212 1292 3289 1371 δε
3379 1282 3552 1371 dili'-

585 1432 871 1519 gentes
937 1416 1242 1498 iudices
1289 1415 1440 1498 sint
1478 1477 1503 1514 ‚
1563 1445 1656 1502 ac
1734 1416 2188 1505 discernant
2236 1477 2263 1518 ,
2327 1447 2428 1501 an
2496 1417 2576 1500 hi
2646 1414 3544 1528 scriptores‘ssumquam

584 1532 1082 1637 exstiterint,
1144 1567 1243 1622 an
1311 1539 1676 1625 homines
1745 1542 1885 1625 fint
1926 1546 2108 1626 'veri
2176 1547 2255 1625 δι
2303 1540 2654 1663 physici:
2719 1572 2819 1625 an
2889 1567 3086 1623 vero
3152 1541 3323 1623 lndi
3362 1599 3386 1636 ,
3454 1562 3543 1621 ut

583 1656 973 1779 Aegyptii
1032 1663 1367 1772 deorum
1430 1695 1856 1781 praecepta
1913 1667 2362 1751 simulantes
2423 1670 2743 1752 codices
2798 1662 2979 1749 suos
3018 1660 3303 1746 omenes
3352 1661 3547 1745 fleti-

587 1784 719 1865 tiis
780 1788 1244 1872 numinibus
1289 1787 1792 1883 adscribant.
1860 1794 2088 1877 Fouhc'
2125 1788 2266 1875 suo
2317 1789 2744 1889 SinenscS,
2807 1791 2982 1874 Indi
3043 1789 3388 1885 Budbae,
3438 1804 3543 1871 'et

573 1909 917 2025 'Vydsae,
972 1921 1295 1995 Hermae
1357 1913 1497 1998 suo
1563 1918 1950 2037 Aegyptii
2017 1916 2470 2003 sacerdotes
2554 1913 2726 1999 suas
2783 1917 3007 2029 leges
3059 1973 3086 2013 ,
3146 1916 3395 1997 libros
3452 1935 3540 1995 et

589 2033 937 2118 instituta
983 2040 1436 2123 attribuunt
1471 2098 1496 2123 .
1564 2046 1770 2127 Vide
1828 2049 1906 2128 in
1970 2044 2127 2126 hoc
2182 2068 2430 2154 opere
2487 2041 2859 2155 'epitheta
2895 2042 3280 2124 Mercurii
3310 2051 3541 2147 p.60,.

587 2152 682 2239 ό
720 2163 886 2273 stq.
947 2167 1139 2245 item
1182 2192 1260 2275 p.
1304 2195 1444 2271 31·
1509 2197 1655 2275 49.
1716 2198 1850 2276 13.
1907 2197 2040 2254 ιι.
2100 2197 2172 2272 5.
2212 2197 2376 2273 ‚73.
2434 2197 2578 2275 74.
2619 2170 3169 2249 Monumentis
3218 2165 3368 2247 illis
3427 2169 3550 2246 in-

591 2279 869 2393 spectis
929 2311 1171 2400 atque
1253 2296 1749 2403 argumentis
1837 2293 1988 2376 illis
2056 2290 2416 2407 expensis
2487 2357 2510 2393 ‚
2578 2318 2834 2375 totam
2899 2278 3547 2403 commentitiam

587 2433 673 2492 ct
736 2414 1229 2497 anicularum
1296 2415 1864 2503 lucubratione
1958 2421 2088 2501 vix
2154 2419 2512 2529 ‚dignam
2581 2417 3020 2499 doctrinam
3082 2410 3295 2497 suam
3364 2414 3544 2497 orbi

585 2537 906 2621 erudito
975 2540 1347 2640 tradere,
1412 2567 1661 2655 atque
1729 2542 1908 2628 libri
1977 2546 2232 2626 Indici
2289 2542 2872 2627 Mabdbhdrada
2938 2536 3324 2659 inscripti
3371 2560 3548 2654 pori

589 2658 987 2746 tentosam
1050 2667 1615 2782 antiquitatem
1669 2675 1952 2753 iactare
2007 2667 2462 2781 desinent..
3347 2776 3350 2785 ⁴

834 2784 1141 2871 Auctor
1194 2790 1624 2902 Alphabeti
1692 2794 2076 2878 Tibetani
2116 2821 2216 2877 ex
2253 2790 2647 2879 vocabulo
2707 2789 3193 2875 Yudhls'hdira
3227 2848 3252 2886 ,
3316 2788 3545 2903 quod

587 2909 934 3022 {rfignem
989 2914 1416 2999 bellatorem
1475 2910 1747 3016 sonat,
1809 2919 2083 3002 faceto
2132 2921 2369 3029 plane
2413 2907 2675 3001 imore*
2685 2941 2764 3027 p.
2804 2943 3009 3021 259.
3066 2917 3146 2999 in
3198 2907 3548 3028 Alphab.

584 3035 910 3135 Tibet.,
950 3063 1033 3122 et
1052 3062 1139 3147 p·
1184 3044 1385 3135 278.
1442 3043 1523 3124 in
1570 3045 1761 3125 aitis
1808 3044 1884 3124 S.
1920 3046 2030 3124 Μ.
2067 3038 2451 3126 Panesniv
2505 3044 2728 3124 Iudae
2786 3040 3156 3145 Hsseram
3231 3065 3550 3151 protru-

585 3163 707 3246 dit
742 3222 769 3264 ,
829 3189 1073 3277 atque
1135 3164 1318 3247 inde
1349 3193 1504 3248 non
1544 3162 1794 3249 solum
1829 3166 2124 3249 librum
2166 3167 2869 3277 Yudhishdimvigea
2902 3166 3287 3278 evangelli
3318 3165 3549 3250 Iudae

587 3287 885 3371 bonam
947 3284 1099 3372 effe
1158 3315 1464 3403 partem
1523 3292 1823 3388 docet,
1890 3287 2020 3374 sed
2072 3358 2092 3392 ,
2162 3319 2357 3405 pace
2423 3292 2834 3376 doctissimi
2899 3292 3040 3376 viri
3110 3265 3549 3406 dixerim-,k

588 3412 885 3497 fallitur
996 3442 1214 3500 certe
1283 3476 1308 3516 ‚
1398 3445 1580 3501 cum
1689 3418 1930 3501 deum
2055 3418 2428 3502 Indicum
2511 3416 2850 3518 Krshnav
2916 3417 3214 3501 dictum
3282 3475 3307 3514 ,
3400 3405 3546 3531 qui

582 3542 961 3624 Pandavis
1016 3545 1437 3652 apparuit,
1501 3540 2252 3631 Valentinianorum
2323 3568 2406 3627 et
2493 3540 3153 3626 Manichaeorum
3194 3542 3541 3652 fabrica·

583 3684 815 3745 torem
868 3668 1058 3750 caeli
1104 3665 1200 3748 ὁ·
1263 3688 1558 3768 terrae,
1627 3668 1984 3774 Christum
2038 3669 2394 3781 denique
2459 3663 2712 3779 ipsum
2787 3667 3020 3750 nobis
3087 3663 3265 3782 sistit
3305 3727 3329 3750 .
3389 3664 3547 3751 An·

588 3791 847 3897 quetil
910 3791 1016 3871 du
1073 3793 1369 3876 Perron
1422 3795 1632 3877 duce
1690 3788 1833 3877 suo
1894 3787 2120 3876 Persa
2214 3793 2628 3875 Tedzkerat
2686 3787 3047 3907 Affizlasin
3101 3791 3371 3876 -uobis
3442 3820 3549 3882 ex

588 3907 745 3991 hoc
814 3915 1401 4025 Epico‘lndico
1458 3945 1831 4031 poemate
1894 3919 2352 4029 catalogum
2424 3943 2708 4029 regum
2778 3919 3250 4042 Indicorum
3309 3907 3545 4001 exhi-³

581 4034 782 4133 bet,
849 4066 1091 4151 quem
1160 4069 1204 4123 a
1261 4042 1568 4127 diluvio
1627 4042 1990 4140 orditur,
2054 4067 2139 4126 et
2192 4038 2443 4158 usque
2501 4041 2600 4126 ad
2636 4035 2797 4156 ipsa
2845 4041 3137 4125 Christi
3178 4067 3543 4151 tempora

577 4157 931 4244 feliciter
996 4162 1422 4273 perducit.
1488 4168 1698 4253 Vide
1753 4167 1887 4249 lib.
1962 4166 2089 4249 cit.
2151 4193 2356 4250 tom·
2396 4197 2467 4252 1.
2525 4194 2707 4279 pag.
2736 4182 3010 4252 xxxll.
3110 4162 3547 4277 Antiquite‘s

576 4288 671 4370 de
733 4281 787 4368 l'
813 4291 988 4371 Inde
1018 4347 1043 4388 ,
1092 4287 1267 4373 Art.
1287 4295 1429 4378 III.
1489 4295 1886 4403 Catalogue
1928 4293 2021 4374 de
2066 4295 2344 4378 Rat'abs
2394 4294 2486 4374 de
2551 4287 2603 4373 l'
2629 4293 2807 4373 Inde
2835 4350 2860 4388 ,
2922 4289 3178 4399 depuis
3213 4294 3281 4373 le
3314 4309 3546 4402 temps

580 4414 851 4514 voisins
907 4415 1007 4496 du
1062 4416 1375 4527 deluge.
1440 4417 1783 4530 Egregia
1833 4417 2236 4528 intingula
2269 4479 2294 4517 ,
2358 4412 2751 4529 exquisita
2808 4408 3326 4499 salsamenta!
3378 4417 3540 4501 Sed

582 4546 683 4628 ad
751 4538 974 4624 suum
1032 4537 1377 4652 ipsorum
1436 4543 1849 4654 palatum,
1917 4567 2079 4624 non
2167 4543 2265 4625 ad
2348 4542 2687 4622 aliorum
2761 4541 3090 4623 condita
3152 4566 3233 4624 et
3304 4563 3545 4655 appa-‘-

581 4694 809 4755 rata.
868 4670 1012 4753 His
1069 4661 1555 4755 salsamentis
1615 4662 2040 4783 scriptores
2101 4664 2220 4751 isti
2286 4662 2484 4752 assae
2537 4664 2922 4780 'perdricis
3001 4667 3339 4751 odorem
3405 4665 3545 4750 ad·
3655 4781 3658 4786 ,

3359 4817 3580 4883 tuu·,
