4299 5782
730 413 1454 503 Num41V.Foh1‘
1504 413 1864 525 Sinenst’s.
1931 408 2129 499 Fohi
2194 405 2599 512 Sinenfis,
2653 407 3157 500 simulacrum
3207 440 3318 503 ex
3353 422 3453 504 11

481 571 650 661 gno
712 547 1163 641 inaurato,
1226 534 1451 625 sedet
1508 542 1590 628 in
1653 537 1840 633 sede
1904 565 2129 628 more
2185 533 2552 638 Sinenfi,
2622 540 2953 626 indutus
2992 539 3252 656 palliis
3307 543 3444 630 seu

485 671 836 758 vestibus
890 668 1155 779 longis
1212 668 1290 747 &
1353 663 1653 766 furvis,
1714 665 2051 749 manicis
2109 662 2662 779 pendentibus
2715 669 2794 748 δε
2857 667 3150 778 largis3
3210 675 3448 754 mani·

487 800 641 883 bus
693 816 885 879 ante
950 795 1228 905 peetus
1298 788 1808 904 compositis,
1869 812 2060 875 ante
2124 788 2419 875 faciem
2480 788 2894 875 ambabus
2917 790 3284 877 manibus
3329 821 3453 879 te-

492 944 636 1008 net
695 918 1050 1016 librum,
1115 940 1362 1030 quem
1422 917 1737 1002 intenta
1794 938 2120 1015 mente,
2181 918 2262 997 &
2322 911 2499 997 fixis
2552 916 2811 1000 oculis
2847 912 3219 1031 inspicit.
3288 922 3458 1005 Co·

493 1048 656 1133 dex
701 1038 879 1155 elsa
908 1040 1229 1128 videtur
1295 1038 1770 1127 chartaceus
1835 1033 1976 1124 seu
2046 1039 2322 1155 potius
2403 1037 2921 1131 involucrum
2986 1066 3156 1126 arte
3223 1044 3463 1157 plica·

496 1196 732 1257 rum.
798 1166 1224 1267 Mistaces,
1280 1164 1694 1252 barbulam
1765 1191 1868 1250 ex
1934 1172 2218 1249 mento
2281 1220 2310 1264 ,
2373 1187 2801 1280 utramque
2871 1192 3166 1279 genam
3230 1195 3460 1255 more

500 1286 1355 1405 Sinicolanuginosam
1416 1292 1680 1403 gerit.
1752 1291 2000 1375 Mitra
2065 1284 2204 1374 seu
2261 1287 2524 1404 pileus
2589 1296 2691 1374 eit
2753 1295 3015 1403 capite
3078 1288 3461 1380 defluens

493 1419 595 1504 ad
659 1443 976 1532 tergum
1030 1418 1345 1528 vergit,
1410 1416 1659 1501 calcei
1710 1416 2024 1500 recurvi
2081 1407 2453 1500 Sinenscs
2495 1415 2749 1528 pedes
2805 1436 3187 1528 tegunt.
3247 1423 3463 1507 Hele

496 1546 752 1657 igitur
814 1543 1027 1626 lotos
1085 1539 1350 1640 deest,
1404 1540 1614 1626 liber
1684 1565 1954 1624 tamen
2035 1540 2166 1624 ille
2227 1564 2477 1655 quem
2564 1538 2769 1633 deus
2862 1542 2999 1629 iste
3087 1546 3466 1631 manibus

505 1689 736 1756 tenet
777 1673 856 1752 &
913 1661 1290 1779 inspicit,
1344 1666 1842 1750 Mercurium
1888 1656 2038 1748 effe
2091 1660 2276 1748 satis
2349 1664 2711 1755 indicat.

751 1795 996 1876 Num·
1026 1795 1135 1876 V.
1252 1790 1515 1875 Budha
1572 1785 1672 1874 T·
1667 1789 2021 1873 betanus
2070 1786 2598 1876 Simulacrum
2647 1818 2751 1875 ex
2813 1814 3085 1876 aere.
3168 1790 3470 1880 Budha

499 1911 728 2004 sedet
779 1918 859 2041 in
929 1914 1088 2001 basi
1141 1914 1404 2000 lotum
1465 1918 2037 2030 exprimente,
2106 1909 2450 2027 pedibus
2529 1911 2958 2002 decussatis
3023 1976 3051 2012 ,
3105 1943 3466 2032 corpore

502 2041 809 2139 nudo,
833 2033 1207 2155 solisque
1266 2038 1792 2127 femoralibus
1879 2036 2168 2123 induto
2228 2085 2258 2115 .
2353 2035 2726 2125 Armillas
2816 2040 2900 2125 in
2984 2028 3334 2128 brachiis
3388 2046 3471 2126 δε
3614 2042 3624 2052 ’

504 2126 937 2267 manibus,
990 2191 1098 2269 ,ex
1154 2164 1367 2261 collo
1432 2165 1772 2252 monilia
1831 2160 2136 2276 gestat.
2206 2160 2470 2252 Aures
2538 2164 2907 2277 longaS,
2972 2165 3309 2281 capillos
3364 2160 3475 2252 ab

502 2293 891 2404 occipitio
944 2294 1030 2374 in
1087 2293 1392 2375 anriam
1445 2313 1589 2376 aut
1658 2313 2093 2402 capronam
2142 2287 2549 2401 religatos.
2587 2287 2839 2375 habet
2873 2316 2976 2376 eo
3011 2316 3237 2378 more
3301 2317 3472 2409 quo
3616 2362 3619 2366 Α

506 2417 1163 2527 capillamentum
1216 2415 1559 2529 ligatum
1612 2414 1922 2528 gestant
1984 2412 2272 2499 Indi&
2307 2411 2701 2502 Tibetani
2742 2474 2767 2499 .
2822 2416 3100 2503 Unam
3137 2443 3476 2503 manum

422 2582 431 2589 ·
507 2540 951 2643 elevatam,
1001 2542 1234 2625 cuius
1280 2541 1620 2655 palmam
1684 2533 2061 2661 monstrat
2109 2597 2138 2638 ,
2227 2538 2465 2624 aliam
2557 2538 2660 2626 ad
2711 2565 2929 2655 genu
2990 2543 3477 2658 applicatam

509 2688 793 2757 tenet.
858 2668 1224 2751 Facie&
1279 2691 1556 2765 mente
1624 2668 1946 2751 intenta
1988 2721 2020 2765 ,
2084 2680 2337 2780 atque
2390 2662 3032 2777 cogitationibus
3100 2661 3478 2779 absorpta

366 2866 373 2870 .
427 2784 431 2788 ’
511 2790 1073 2902 contemplans
1136 2778 1627 2875 exhibetur.
1699 2789 2054 2886 Lumbos
2117 2790 2408 2888 Zona,
2446 2788 2850 2901 arigndna-
2887 2787 3204 2889 dic'ta',
3243 2816 3481 2905 prae·

512 2917 820 2999 einans
878 2913 1046 3012 west.
1102 2915 1193 2995 Ῑιι
1255 2913 1428 2996 aliis
1485 2913 1937 3009 simulacris·
1973 2912 2191 2995 idem
2253 2912 2533 2996 Budha
2583 2908 2925 2997 subinde
2981 2905 3286 2999 in'vola
3311 2940 3481 2999 ma·

404 3023 439 3032 ”
513 3063 675 3123 nus
737 3029 1382 3150 quadrangulum
1448 3032 1941 3149 descriptum
1999 3033 2498 3137 monstrans,
2559 3039 2644 3119 in
2733 3036 2906 3120 aliis
2981 3036 3272 3153 lingum
3341 3033 3496 3126 serr

512 3162 869 3275 phallum
906 3186 1146 3244 manu
1185 3160 1491 3274 gestans
1520 3197 1546 3260 ς
1592 3163 1671 3244 in
1702 3161 1872 3244 aliis
1905 3183 2146 3244 manu
2181 3157 2443 3244 lotum
2473 3159 2748 3246 ferens
2776 3197 2801 3256 ;
2832 3160 2916 3245 in
2951 3161 3125 3250 aliis
3150 3163 3483 3249 oculum

515 3314 763 3392 manu
827 3311 1121 3399 gerens
1177 3344 1205 3383 ,
1262 3288 1351 3368 in
1411 3288 1584 3369 aliis
1639 3310 2021 3371 coronam
2093 3288 2637 3398 precatoriam
2691 3310 2850 3370 una
2901 3313 3146 3373 manu
3192 3313 3490 3374 tenens

516 3411 1010 3510 exhibe-tur.
1066 3410 1278 3496 Vide
1339 3413 1730 3498 Pivatium
1797 3412 2105 3496 tom.⁴8.
2170 3411 2495 3520 tab.41.
2509 3414 2670 3525 fig.
2733 3439 2807 3496 1.
2867 3405 2969 3495 ό·
3009 3440 3087 3498 a.
3157 3413 3486 3498 Notizie

512 3537 1001 3635 Laconiche,
1002 3540 1321 3620 iconem
1347 3536 1678 3623 Budhae
1683 3539 1836 3652 fig
1847 3546 1957 3643 36
1968 3527 2090 3617 ἐ·
2118 3561 2158 3640 5
2185 3563 2265 3622 1.
2292 3535 2692 3622 Sacellum
2727 3533 3088 3624 Krshnae
3111 3537 3483 3624 indicum

518 3665 1011 3774 Borgianum
1074 3692 1276 3745 num.
1315 3687 1389 3746 ι.
1460 3665 1682 3747 valva
1734 3659 2108 3776 plicatilis
2166 3663 2421 3771 prima
2480 3658 2770 3744 sinistra
2810 3663 2966 3774 fig.
3008 3691 3083 3747 1.
3118 3722 3148 3764 ,
3210 3663 3292 3748 in
3332 3688 3494 3780 qua

518 3784 802 3870 Budha
863 3785 1070 3872 deus
1139 3790 1221 3871 in
1281 3782 1460 3871 loto
1524 3780 1869 3888 sedens,
1923 3788 2005 3868 δι
2064 3786 2447 3872 vexillum
2479 3810 2629 3901 pro
2653 3783 3016 3875 caduceo
3049 3813 3291 3875 manu
3356 3812 3489 3934 ge‘.

517 3905 722 3994 stans
768 3905 1485 4021 repraesentatur.

572 4119 589 4126 „
718 4034 901 4118 Ex
940 4034 1067 4117 his
1132 4039 1382 4148 igitur
1434 4034 1849 4123 omnibus
1892 4036 2079 4120 iam
2114 4034 2457 4122 omnino
2520 4029 3034 4180 perspicuum
3098 4031 3209 4119 est
3266 4091 3295 4135 ,
3388 4032 3496 4120 ab

525 4156 908 4244 omnibus
976 4161 1367 4272 gentibus
1413 4164 1917 4247 Mercurium
1968 4181 2061 4248 ut
2124 4163 2461 4271 statorem
2529 4188 2819 4248 rerum
2881 4158 3364 4247 naturalium
3401 4157 3501 4242 δε

520 4280 1067 4385 terrestrium,
1123 4308 1375 4399 atque
1426 4311 1574 4373 ut·
1592 4294 2003 4375 auctorem
2067 4314 2341 4375 rerum
2398 4284 2827 4377 moralium
2863 4342 2896 4388 ,
2953 4285 3320 4403 denique
3405 4306 3504 4418 ut

523 4411 821 4498 artium
888 4414 968 4496 &
1026 4401 1539 4498 scientiarum
1600 4413 2136 4502 institutorem
2194 4409 2625 4498 exhiberi.

778 4531 1261 4622 Plutarchus
1307 4534 1453 4620 lib.
1489 4555 1563 4622 r.
1615 4537 1719 4623 de
1743 4539 2059 4654 placitis
2112 4535 2450 4654 philos.
2506 4534 2864 4624 Homlnrs
2894 4561 3034 4650 pro
3071 4556 3304 4650 patre
3331 4561 3502 4624 cae-

522 4659 678 4743 lum
729 4662 767 4761 (
826 4690 978 4775 pro
1042 4656 1435 4749 satoribus
1496 4662 1916 4777 planetas,
1961 4672 1994 4769 )
2052 4687 2201 4776 pro
2248 4683 2494 4749 matre
2523 4685 2813 4750 terram
2834 4663 3325 4780 acceperient,
3368 4690 3509 4775 pa·

524 4803 644 4871 tre
657 4814 733 4873 m
770 4785 985 4877 illum
1019 4847 1045 4893 ,
1105 4791 1303 4903 quod
1346 4817 1630 4908 aquam
1676 4788 1911 4901 Irfiar
1951 4788 2290 5005 sembi&
2329 4775 2712 4912 effbde'ret
2745 4851 2776 4900 ,
2851 4814 3198 4882 matrem
3250 4790 3523 5004 bano-2

2235 4944 2281 5006 2
3318 4941 3463 5026 quo
3605 5004 3609 5006 Δ
