4299 5782
820 319 989 518 &⁸
1612 427 2368 536 zopzosza

822 647 1089 780 Dama
1148 684 1280 778 seu
1352 683 1715 774 Pullt’mdn
1799 711 1945 803 per
2032 694 2379 778 maculas
2460 685 2632 778 suas
2715 697 2868 779 rite
2937 695 3051 781 di-

824 821 1137 907 stinstas
1170 876 1197 917 ,
1253 817 1461 899 hanc
1533 840 1792 900 terrae
1846 821 2483 904 concinnitatem
2539 879 2594 919 ‚,
2655 823 3035 929 partium-

823 972 992 1061 que
1026 943 1636 1056 proportionem
1688 947 1766 1024 ’δι
1804 946 2011 1026 inter
2045 939 2122 1027 se
2159 941 2632 1052 consensum
2706 943 3046 1060 mirifice

826 1063 1430 1182 repraesentat.
1488 1065 1696 1153 Vide
1754 1069 2155 1156 Sonuerat
2189 1131 2216 1168 ,
2295 1076 2372 1155 δι
2455 1075 2541 1151 Ρ.
2590 1067 3040 1156 Iohannem

826 1224 878 1282 a
920 1195 1160 1280 Brito
1213 1195 1549 1278 Madure
1615 1196 1848 1306 regni
1916 1190 2377 1280 Miffiomin
2413 1193 2741 1310 cod-mffi
2796 1194 3035 1280 Lufit.

685 1339 730 1373 ‘-
822 1322 933 1405 de
995 1322 1157 1406 vita
1205 1322 1283 1401 δε
1365 1315 1597 1432 gestis
1652 1318 1992 1401 Brahma
2082 1320 2215 1405 dei
2266 1378 2290 1401 .
2382 1319 2677 1403 Eadem
2760 1320 3042 1414 damae

827 1441 969 1530 seu
1019 1440 1353 1538 ,hinnuli
1414 1445 1724 1527 cervini
1777 1441 2008 1556 pellis
2062 1446 2224 1533 deo
2286 1440 2671 1529 Sbivae&
2704 1441 3077 1531 Parvade'·

826 1563 966 1654 seu
1032 1563 1174 1653 soli
1232 1573 1309 1652 δι
1368 1569 1606 1653 lunae
1664 1568 1779 1649 ob
1837 1565 2124 1685 similes
2181 1565 2474 1654 caussas
2532 1565 2743 1653 sacra
2800 1568 2958 1654 est.

1075 1695 1422 1779 Cornua
1487 1693 1829 1805 Antilope
1879 1730 1903 1789 ς
1945 1696 2238 1780 animal
2295 1752 2319 1789 ,
2408 1693 2632 1809 quod
2690 1695 3035 1780 Malaba-

3149 442 3345 526 Ordo
3376 439 3816 545 musi-1⁹30?-

3200 571 3424 682 giani
3447 566 3803 655 Velitris.

825 1854 1107 1980 tenses
1188 1869 1724 1988 ῥρῆὧιηο
1837 1861 2440 1976 Imbnamrgam
2487 1881 2962 1975 nuncupant
3030 1909 3055 1949 2.
3176 1887 3189 1893 ·

828 2039 1057 2121 Haec
1121 2032 1337 2118 cervi
1419 2024 1557 2115 seu
1641 2030 1922 2117 damae
2010 2026 2312 2144 species
2348 2019 2964 2143 ‚lcrshnamrgam
3016 2086 3045 2127 ,

831 2161 919 2244 id
991 2155 1108 2243 est
1144 2157 1432 2268 pullum
1489 2158 1778 2241 animal
1824 2159 2121 2243 dieitur
2190 2219 2217 2254 ,
2316 2159 2504 2272 quia
2561 2156 2790 2270 pellis
2872 2159 3047 2238 eius

818 2286 1041 2398 pulla
1079 2277 1219 2366 seu
1282 2275 1580 2367 fusco·
1620 2285 2021 2395 nigricans
2073 2279 2238 2383 est,
2336 2287 2416 2367 &
2483 2307 2788 2366 cornua
2871 2284 3049 2365 cius

843 2405 1221 2495 subfuica
1294 2404 1398 2491 ad
1462 2405 1698 2490 instar
1765 2407 2230 2491 cochleatae
2328 2409 2514 2490 vitis
2579 2402 3047 2508 (Lusitanis

827 2554 1062 2647 ponta
1099 2529 1470 2616 retorrida
1516 2538 1550 2634 )
1603 2530 1704 2616 ad
1762 2525 2319 2645 sesquipedem
2386 2535 2469 2612 in
2520 2530 2770 2613 altum
2822 2524 3049 2613 affur-

743 2733 750 2756 „
837 2682 1107 2774 gunt.
1167 2658 1392 2741 Haec
1437 2655 2263 2742 bin-a.cornua.inter
2331 2651 2410 2740 se
2470 2653 2754 2742 ferreis
2809 2655 3050 2741 clavis

838 2786 1271 2868 coniuncta
1299 2841 1324 2883 ,
1360 2782 1725 2896 apicibus
1760 2809 1807 2866 e
1844 2780 2241 2874 diametro
2317 2780 2851 2897 prostanribus
2932 2782 3059 2864 iu·

834 2910 1265 2995 strumenta
1311 2903 1494 2991 sunt
1523 2964 1552 3007 ‚
1609 2928 1707 2991 ‘ut
1764 2909 1994 2991 aiunt
2041 2899 2422 2992 offenfiva
2467 2910 2547 2989 &
2595 2904 2996 2991 defenfiva
3029 2963 3058 3004 ,

834 3058 1047 3151 quae
1106 3030 1332 3144 YOguI
1377 3034 1784 3116 Samaenaei
1805 3032 1995 3115 hinc
2028 3030 2217 3115 inde
2248 3032 2861 3146 commigrando
2889 3057 3057 3115 ma·

838 3159 1081 3245 nibus
1132 3155 1764 3243 circumferunt.
1832 3153 2002 3241 Sub
2065 3156 2216 3241 hac
2270 3153 2528 3240 forma
2579 3184 2677 3241 ea
2743 3155 3049 3243 exstant

837 3290 927 3370 in
989 3277 1265 3395 museo
1319 3278 1740 3395 Borgiano
1800 3282 2125 3369 Veiitris
2161 3343 2184 3366 .
2264 3288 2488 3367 Haec
2547 3310 2851 3369 cornua
2917 3282 3052 3367 da-

833 3418 1016 3495 x'nae
1075 3409 1403 3492 Indicae
1474 3401 2036 3520 krabnamrgm
2068 3408 2327 3492 dictae
2352 3406 2667 3492 ‘exstant
2708 3410 2819 3491 *in
2860 3433 3044 3492 mu-

830 3533 971 3631 seo
1029 3535 1140 3617 D.
1172 3531 1628 3619 Marcbionis
1677 3538 1772 3619 de
1833 3534 2272 3650 Marigny,
2370 3560 2585 3646 quae
2655 3561 2839 3618 cum
2888 3537 3050 3634 iis,

838 3685 1058 3777 quae
1101 3660 1416 3745 Velitris
1439 3654 1848 3754 visuntur,
1893 3660 2229 3739 omnino
2266 3663 2797 3740 conveniunt.
2838 3660 3045 3740 Vide

832 3808 1011 3879 tom
1028 3809 1162 3872 12.
1214 3782 1578 3868 historiae
1616 3780 1992 3869 naturalis
2020 3779 2265 3865 musei
2305 3784 2559 3905 regis
2554 3776 3051 3866 Christianis·

833 3912 1063 4000 fimi.
1113 3904 1350 3994 Paris.
1421 3908 1682 4019 1764.
1732 3937 1815 4023 p.
1859 3936 2062 4015 ²17·
2119 3912 2242 3991 &
2233 3887 2741 3994 iab.xxxv1.
2785 3910 2941 4026 fig.
2981 3936 3059 3994 1.

771 4034 932 4125 x&
978 4064 1058 4145 3.
1126 4038 1265 4118 ubi
1313 4063 1409 4121 ea
1461 4039 1544 4120 in
1601 4065 1734 4123 aes
1798 4030 2054 4121 incisa
2104 4016 2654 4124 exhibentur.
2725 4038 3058 4125 Cornua
3100 4021 3109 4053 ³

829 4163 1037 4272 haec
1095 4163 1199 4245 ab
1245 4164 1577 4270 Antilope
1626 4158 2135 4262 Mauritana,
2201 4164 2323 4245 ad
2349 4164 2688 4272 Ancllope
2724 4162 3049 4246 Indicae

829 4268 1114 4375 damae
1187 4315 1498 4375 cornua
1533 4287 1973 4382 translata,
2038 4287 2369 4373 Indicae
2409 4288 2691 4372 damae
2760 4309 3055 4371 nomen

834 4416 1173 4525 Antilope
1225 4408 1422 4498 falso
1471 4409 1921 4497 inscribunt
1982 4471 2007 4511 ‚
2102 4438 2201 4495 ca
2282 4416 2501 4498 enim
2562 4412 3048 4498 Malabarice

798 4541 1402 4665 Krsbnaemrga,
1450 4542 1529 4620 δι
1561 4533 2180 4639 Samscndamice
2242 4538 2801 4623 Krsbnaharina
2838 4564 3049 4650 ιιιιιι-

821 4690 1178 4776 cupatur
1236 4730 1259 4753 .
1347 4666 1734 4784 Cet-vina
1764 4691 2067 4748 cornua
2155 4665 2453 4767 Dianae
2538 4642 2895 4779 delubrIS
2955 4666 3040 4750 iu

832 4791 1182 4878 GraecIa
1245 4786 1630 4907 appensa
1659 4768 2359 4909 demonstrabant,
2420 4792 2760 4880 Dianam
2822 4815 3055 4875 vena
3201 4868 3211 4883 .

2930 4938 3072 4999 tn·

4190 5434 4212 5684 μι--ψ--ι-
4206 5334 4212 5363 ή
4206 5288 4207 5299 ⁴
