<?xml version="1.0" encoding="UTF-8"?>
<!DOCTYPE html PUBLIC "-//W3C//DTD XHTML 1.0 Transitional//EN"
    "http://www.w3.org/TR/xhtml1/DTD/xhtml1-transitional.dtd">
<html xmlns="http://www.w3.org/1999/xhtml" xml:lang="en" lang="en">
 <head>
  <title>
</title>
<meta http-equiv="Content-Type" content="text/html;charset=utf-8" />
  <meta name='ocr-system' content='tesseract 3.04.00' />
  <meta name='ocr-capabilities' content='ocr_page ocr_carea ocr_par ocr_line ocrx_word'/>
</head>
<body>
  <div class='ocr_page' id='page_1' title='image "./museiborgianive00bartgoog/museiborgianive00bartgoog_0186.png"; bbox 0 0 4299 5782; ppageno 0'>
   <div class='ocr_carea' id='block_1_1' title="bbox 731 269 3920 2774">
    <p class='ocr_par' dir='ltr' id='par_1_1' title="bbox 814 269 996 357">
     <span class='ocr_line' id='line_1_1' title="bbox 814 269 996 357; baseline -0.022 0"><span class='ocrx_word' id='word_1_1' title='bbox 814 269 996 357; x_wconf 64' lang='lat'>168</span> 
     </span>
    </p>

    <p class='ocr_par' dir='ltr' id='par_1_2' title="bbox 816 381 3782 503">
     <span class='ocr_line' id='line_1_2' title="bbox 816 381 3782 503; baseline -0.002 -19"><span class='ocrx_word' id='word_1_2' title='bbox 816 397 1073 483; x_wconf 85' lang='lat' dir='ltr'>larum</span> <span class='ocrx_word' id='word_1_3' title='bbox 1143 384 1519 477; x_wconf 83' lang='lat' dir='ltr'>manibus</span> <span class='ocrx_word' id='word_1_4' title='bbox 1577 381 1880 503; x_wconf 81' lang='lat' dir='ltr'>gestans</span> <span class='ocrx_word' id='word_1_5' title='bbox 1929 382 2428 490; x_wconf 77' lang='lat' dir='ltr'>exhibetur,</span> <span class='ocrx_word' id='word_1_6' title='bbox 2481 412 2741 481; x_wconf 78' lang='lat' dir='ltr'>mater</span> <span class='ocrx_word' id='word_1_7' title='bbox 2797 386 2970 476; x_wconf 89' lang='lat' dir='ltr'>eius</span> <span class='ocrx_word' id='word_1_8' title='bbox 3029 388 3233 480; x_wconf 85' lang='lat' dir='ltr'>stella</span> <span class='ocrx_word' id='word_1_9' title='bbox 3300 389 3569 477; x_wconf 67' lang='lat' dir='ltr'>Rohlne</span> <span class='ocrx_word' id='word_1_10' title='bbox 3612 384 3782 497; x_wconf 79' lang='lat' dir='ltr'>est‚·</span> 
     </span>
    </p>

    <p class='ocr_par' dir='ltr' id='par_1_3' title="bbox 731 515 3920 2774">
     <span class='ocr_line' id='line_1_3' title="bbox 731 515 3818 657; baseline -0.001 -50"><span class='ocrx_word' id='word_1_11' title='bbox 731 515 738 521; x_wconf 67' lang='grc'><strong>’</strong></span> <span class='ocrx_word' id='word_1_12' title='bbox 815 522 949 607; x_wconf 85' lang='lat' dir='ltr'>cui</span> <span class='ocrx_word' id='word_1_13' title='bbox 1019 523 1100 602; x_wconf 87' lang='lat' dir='ltr'>in</span> <span class='ocrx_word' id='word_1_14' title='bbox 1151 516 1631 602; x_wconf 85' lang='lat' dir='ltr'>Kalendario</span> <span class='ocrx_word' id='word_1_15' title='bbox 1678 515 2222 601; x_wconf 86' lang='lat' dir='ltr'>Brahmanico</span> <span class='ocrx_word' id='word_1_16' title='bbox 2275 521 2572 632; x_wconf 88' lang='lat' dir='ltr'>pariter</span> <span class='ocrx_word' id='word_1_17' title='bbox 2605 519 2913 631; x_wconf 80' lang='lat' dir='ltr'>serpens</span> <span class='ocrx_word' id='word_1_18' title='bbox 2948 550 3066 606; x_wconf 72' lang='grc' dir='ltr'>σαι</span> <span class='ocrx_word' id='word_1_19' title='bbox 3056 523 3353 623; x_wconf 66' lang='lat' dir='ltr'>fullatus</span> <span class='ocrx_word' id='word_1_20' title='bbox 3415 516 3552 604; x_wconf 88' lang='lat' dir='ltr'>seu</span> <span class='ocrx_word' id='word_1_21' title='bbox 3617 522 3818 657; x_wconf 57' lang='lat' dir='ltr'>nal-s</span> 
     </span>
     <span class='ocr_line' id='line_1_4' title="bbox 811 616 3818 760; baseline -0.001 -26"><span class='ocrx_word' id='word_1_22' title='bbox 811 646 1161 759; x_wconf 68' lang='lat' dir='ltr'>lapdmba</span> <span class='ocrx_word' id='word_1_23' title='bbox 1196 639 1660 757; x_wconf 84' lang='lat' dir='ltr'>affingitur.</span> <span class='ocrx_word' id='word_1_24' title='bbox 1707 645 1916 728; x_wconf 86' lang='lat' dir='ltr'>Vide</span> <span class='ocrx_word' id='word_1_25' title='bbox 1951 644 2391 743; x_wconf 83' lang='lat' dir='ltr'>Sonnerat‚</span> <span class='ocrx_word' id='word_1_26' title='bbox 2428 667 2600 731; x_wconf 82' lang='lat' dir='ltr'>eom.</span> <span class='ocrx_word' id='word_1_27' title='bbox 2621 676 2692 729; x_wconf 78' lang='lat' dir='ltr'>a.</span> <span class='ocrx_word' id='word_1_28' title='bbox 2726 649 2855 731; x_wconf 81' lang='lat' dir='ltr'>lib.</span> <span class='ocrx_word' id='word_1_29' title='bbox 2872 677 2946 754; x_wconf 83' lang='lat'>3.</span> <span class='ocrx_word' id='word_1_30' title='bbox 2982 673 3139 760; x_wconf 85' lang='lat' dir='ltr'>pag</span> <span class='ocrx_word' id='word_1_31' title='bbox 3181 674 3376 751; x_wconf 83' lang='lat'>²03·</span> <span class='ocrx_word' id='word_1_32' title='bbox 3417 616 3818 731; x_wconf 65' lang='lat' dir='ltr'>Bacchus</span> 
     </span>
     <span class='ocr_line' id='line_1_5' title="bbox 820 767 3789 886; baseline -0.001 -27"><span class='ocrx_word' id='word_1_33' title='bbox 820 775 1155 860; x_wconf 89' lang='lat' dir='ltr'>Indicus</span> <span class='ocrx_word' id='word_1_34' title='bbox 1214 772 1745 886; x_wconf 87' lang='lat' dir='ltr'>elephantes,</span> <span class='ocrx_word' id='word_1_35' title='bbox 1810 770 2211 885; x_wconf 82' lang='lat' dir='ltr'>tigrides,</span> <span class='ocrx_word' id='word_1_36' title='bbox 2266 768 2565 870; x_wconf 84' lang='lat' dir='ltr'>fimias,</span> <span class='ocrx_word' id='word_1_37' title='bbox 2626 776 2702 856; x_wconf 78' lang='grc' dir='ltr'>δι</span> <span class='ocrx_word' id='word_1_38' title='bbox 2771 779 2984 857; x_wconf 91' lang='lat' dir='ltr'>inter</span> <span class='ocrx_word' id='word_1_39' title='bbox 3018 775 3155 857; x_wconf 92' lang='lat' dir='ltr'>has</span> <span class='ocrx_word' id='word_1_40' title='bbox 3206 781 3611 856; x_wconf 80' lang='lat' dir='ltr'>Hanuman</span> <span class='ocrx_word' id='word_1_41' title='bbox 3647 767 3789 856; x_wconf 84' lang='lat' dir='ltr'>seu</span> 
     </span>
     <span class='ocr_line' id='line_1_6' title="bbox 818 895 3789 1012; baseline -0.001 -28"><span class='ocrx_word' id='word_1_42' title='bbox 818 907 1101 985; x_wconf 83' lang='lat' dir='ltr'>Panem</span> <span class='ocrx_word' id='word_1_43' title='bbox 1144 900 1391 982; x_wconf 86' lang='lat' dir='ltr'>deum</span> <span class='ocrx_word' id='word_1_44' title='bbox 1459 896 1559 980; x_wconf 88' lang='lat' dir='ltr'>ad</span> <span class='ocrx_word' id='word_1_45' title='bbox 1624 895 1923 981; x_wconf 89' lang='lat' dir='ltr'>bellum</span> <span class='ocrx_word' id='word_1_46' title='bbox 1993 921 2278 982; x_wconf 86' lang='lat' dir='ltr'>contra</span> <span class='ocrx_word' id='word_1_47' title='bbox 2343 901 2677 985; x_wconf 74' lang='lat' dir='ltr'>Ravana</span> <span class='ocrx_word' id='word_1_48' title='bbox 2750 906 3168 1012; x_wconf 83' lang='lat' dir='ltr'>gigantem</span> <span class='ocrx_word' id='word_1_49' title='bbox 3223 900 3451 982; x_wconf 84' lang='lat' dir='ltr'>ducit</span> <span class='ocrx_word' id='word_1_50' title='bbox 3492 960 3513 981; x_wconf 92' lang='lat'><strong>.</strong></span> <span class='ocrx_word' id='word_1_51' title='bbox 3579 897 3789 982; x_wconf 87' lang='lat' dir='ltr'>Vide</span> 
     </span>
     <span class='ocr_line' id='line_1_7' title="bbox 802 1017 3797 1145; baseline -0.004 -33"><span class='ocrx_word' id='word_1_52' title='bbox 802 1025 1150 1145; x_wconf 69' lang='lat' dir='ltr'>system.</span> <span class='ocrx_word' id='word_1_53' title='bbox 1185 1024 1606 1110; x_wconf 84' lang='lat' dir='ltr'>Brahman.</span> <span class='ocrx_word' id='word_1_54' title='bbox 1648 1050 1824 1134; x_wconf 79' lang='lat' dir='ltr'>pag.</span> <span class='ocrx_word' id='word_1_55' title='bbox 1866 1053 2068 1131; x_wconf 86' lang='lat'><strong>299.</strong></span> <span class='ocrx_word' id='word_1_56' title='bbox 2115 1051 2322 1130; x_wconf 84' lang='lat'>300.</span> <span class='ocrx_word' id='word_1_57' title='bbox 2372 1026 2751 1112; x_wconf 87' lang='lat' dir='ltr'>Bacchus</span> <span class='ocrx_word' id='word_1_58' title='bbox 2839 1024 3151 1111; x_wconf 76' lang='lat' dir='ltr'>indicus</span> <span class='ocrx_word' id='word_1_59' title='bbox 3223 1017 3797 1143; x_wconf 73' lang='lat' dir='ltr'>gymnosophi-</span> 
     </span>
     <span class='ocr_line' id='line_1_8' title="bbox 816 1146 3787 1267; baseline -0.002 -30"><span class='ocrx_word' id='word_1_60' title='bbox 816 1149 969 1237; x_wconf 81' lang='lat' dir='ltr'>stas</span> <span class='ocrx_word' id='word_1_61' title='bbox 1030 1148 1164 1235; x_wconf 87' lang='lat' dir='ltr'>seu</span> <span class='ocrx_word' id='word_1_62' title='bbox 1224 1157 1495 1264; x_wconf 79' lang='lat' dir='ltr'>Magos</span> <span class='ocrx_word' id='word_1_63' title='bbox 1558 1150 1878 1234; x_wconf 86' lang='lat' dir='ltr'>Indicos</span> <span class='ocrx_word' id='word_1_64' title='bbox 1942 1149 2044 1234; x_wconf 87' lang='lat' dir='ltr'>ad</span> <span class='ocrx_word' id='word_1_65' title='bbox 2108 1150 2518 1236; x_wconf 86' lang='lat' dir='ltr'>confilium</span> <span class='ocrx_word' id='word_1_66' title='bbox 2583 1158 2864 1267; x_wconf 84' lang='lat' dir='ltr'>cogit,</span> <span class='ocrx_word' id='word_1_67' title='bbox 2919 1180 3004 1236; x_wconf 90' lang='lat' dir='ltr'>ut</span> <span class='ocrx_word' id='word_1_68' title='bbox 3066 1154 3332 1235; x_wconf 86' lang='lat' dir='ltr'>eidem</span> <span class='ocrx_word' id='word_1_69' title='bbox 3391 1151 3496 1233; x_wconf 90' lang='lat' dir='ltr'>de</span> <span class='ocrx_word' id='word_1_70' title='bbox 3531 1146 3787 1231; x_wconf 84' lang='lat' dir='ltr'>fausto</span> 
     </span>
     <span class='ocr_line' id='line_1_9' title="bbox 831 1270 3795 1388; baseline -0.001 -26"><span class='ocrx_word' id='word_1_71' title='bbox 831 1275 1026 1362; x_wconf 86' lang='lat' dir='ltr'>belli</span> <span class='ocrx_word' id='word_1_72' title='bbox 1106 1273 1455 1361; x_wconf 76' lang='lat' dir='ltr'>successu</span> <span class='ocrx_word' id='word_1_73' title='bbox 1523 1270 2014 1388; x_wconf 79' lang='lat' dir='ltr'>prospiciant</span> <span class='ocrx_word' id='word_1_74' title='bbox 2070 1331 2097 1358; x_wconf 93' lang='grc'><strong><em>.</em></strong></span> <span class='ocrx_word' id='word_1_75' title='bbox 2167 1279 2378 1363; x_wconf 89' lang='lat' dir='ltr'>Vide</span> <span class='ocrx_word' id='word_1_76' title='bbox 2450 1276 2819 1364; x_wconf 85' lang='lat' dir='ltr'>sacellum</span> <span class='ocrx_word' id='word_1_77' title='bbox 2877 1279 3242 1363; x_wconf 86' lang='lat' dir='ltr'>Indicum</span> <span class='ocrx_word' id='word_1_78' title='bbox 3298 1278 3795 1387; x_wconf 80' lang='lat' dir='ltr'>Borgianum</span> 
     </span>
     <span class='ocr_line' id='line_1_10' title="bbox 822 1400 3791 1520; baseline -0.004 -29"><span class='ocrx_word' id='word_1_79' title='bbox 822 1429 1117 1491; x_wconf 71' lang='lat' dir='ltr'>nuum.</span> <span class='ocrx_word' id='word_1_80' title='bbox 1176 1402 1397 1487; x_wconf 87' lang='lat' dir='ltr'>valva</span> <span class='ocrx_word' id='word_1_81' title='bbox 1452 1403 1683 1484; x_wconf 75' lang='lat' dir='ltr'>tertia</span> <span class='ocrx_word' id='word_1_82' title='bbox 1741 1400 2070 1513; x_wconf 87' lang='lat' dir='ltr'>plicatili</span> <span class='ocrx_word' id='word_1_83' title='bbox 2104 1462 2124 1482; x_wconf 89' lang='lat'><strong>.</strong></span> <span class='ocrx_word' id='word_1_84' title='bbox 2201 1402 2584 1520; x_wconf 77' lang='lat' dir='ltr'>Denique</span> <span class='ocrx_word' id='word_1_85' title='bbox 2644 1402 3012 1489; x_wconf 82' lang='lat' dir='ltr'>Bacchus</span> <span class='ocrx_word' id='word_1_86' title='bbox 3059 1403 3380 1487; x_wconf 86' lang='lat' dir='ltr'>Indicus</span> <span class='ocrx_word' id='word_1_87' title='bbox 3417 1401 3791 1483; x_wconf 60' lang='lat' dir='ltr'>Ravennae</span> 
     </span>
     <span class='ocr_line' id='line_1_11' title="bbox 827 1522 3796 1644; baseline -0.002 -33"><span class='ocrx_word' id='word_1_88' title='bbox 827 1530 1186 1644; x_wconf 80' lang='lat' dir='ltr'>gigantis</span> <span class='ocrx_word' id='word_1_89' title='bbox 1245 1553 1489 1639; x_wconf 83' lang='lat' dir='ltr'>caput</span> <span class='ocrx_word' id='word_1_90' title='bbox 1556 1528 1912 1638; x_wconf 60' lang='lat' dir='ltr'>asininum</span> <span class='ocrx_word' id='word_1_91' title='bbox 1971 1522 2256 1638; x_wconf 88' lang='lat' dir='ltr'>sagitta</span> <span class='ocrx_word' id='word_1_92' title='bbox 2306 1526 2550 1623; x_wconf 73' lang='lat' dir='ltr'>ferit,</span> <span class='ocrx_word' id='word_1_93' title='bbox 2615 1557 2971 1641; x_wconf 88' lang='lat' dir='ltr'>eumque</span> <span class='ocrx_word' id='word_1_94' title='bbox 3008 1555 3297 1612; x_wconf 86' lang='lat' dir='ltr'>enecat</span> <span class='ocrx_word' id='word_1_95' title='bbox 3332 1588 3352 1609; x_wconf 90' lang='lat'><strong>.</strong></span> <span class='ocrx_word' id='word_1_96' title='bbox 3399 1528 3605 1607; x_wconf 86' lang='lat' dir='ltr'>Vide</span> <span class='ocrx_word' id='word_1_97' title='bbox 3645 1528 3796 1642; x_wconf 82' lang='lat' dir='ltr'>Sy-</span> 
     </span>
     <span class='ocr_line' id='line_1_12' title="bbox 830 1647 3795 1766; baseline -0.003 -24"><span class='ocrx_word' id='word_1_98' title='bbox 830 1658 1073 1742; x_wconf 74' lang='lat' dir='ltr'>stema</span> <span class='ocrx_word' id='word_1_99' title='bbox 1116 1652 1441 1737; x_wconf 84' lang='lat' dir='ltr'>Btahm.</span> <span class='ocrx_word' id='word_1_100' title='bbox 1488 1676 1566 1763; x_wconf 85' lang='lat' dir='ltr'>p.</span> <span class='ocrx_word' id='word_1_101' title='bbox 1602 1654 1727 1735; x_wconf 81' lang='lat' dir='ltr'>ct&#39;t.</span> <span class='ocrx_word' id='word_1_102' title='bbox 1815 1656 2347 1766; x_wconf 87' lang='lat' dir='ltr'>Nuperrimus</span> <span class='ocrx_word' id='word_1_103' title='bbox 2417 1655 2709 1755; x_wconf 71' lang='lat' dir='ltr'>nobilis</span> <span class='ocrx_word' id='word_1_104' title='bbox 2790 1652 3192 1765; x_wconf 65' lang='lat' dir='ltr'>scriptor,</span> <span class='ocrx_word' id='word_1_105' title='bbox 3277 1654 3420 1766; x_wconf 87' lang='lat' dir='ltr'>qui</span> <span class='ocrx_word' id='word_1_106' title='bbox 3469 1647 3795 1733; x_wconf 85' lang='lat' dir='ltr'>senten·</span> 
     </span>
     <span class='ocr_line' id='line_1_13' title="bbox 798 1771 3797 1900; baseline -0.003 -33"><span class='ocrx_word' id='word_1_107' title='bbox 798 1782 1031 1887; x_wconf 50' lang='lat' dir='ltr'>‚tiam</span> <span class='ocrx_word' id='word_1_108' title='bbox 1097 1776 1205 1861; x_wconf 89' lang='lat' dir='ltr'>D.</span> <span class='ocrx_word' id='word_1_109' title='bbox 1278 1773 2058 1862; x_wconf 63' lang='lat' dir='ltr'>D&#39;Hancarvr’llede</span> <span class='ocrx_word' id='word_1_110' title='bbox 2115 1777 2406 1862; x_wconf 84' lang='lat' dir='ltr'>Bacchi</span> <span class='ocrx_word' id='word_1_111' title='bbox 2444 1778 2805 1900; x_wconf 85' lang='lat' dir='ltr'>Scythici</span> <span class='ocrx_word' id='word_1_112' title='bbox 2832 1805 2930 1862; x_wconf 80' lang='lat' dir='ltr'>ex</span> <span class='ocrx_word' id='word_1_113' title='bbox 2989 1802 3267 1861; x_wconf 88' lang='lat' dir='ltr'>monte</span> <span class='ocrx_word' id='word_1_114' title='bbox 3333 1771 3622 1872; x_wconf 79' lang='lat' dir='ltr'>Tauro,</span> <span class='ocrx_word' id='word_1_115' title='bbox 3692 1775 3797 1860; x_wconf 89' lang='lat' dir='ltr'>ad</span> 
     </span>
     <span class='ocr_line' id='line_1_14' title="bbox 828 1900 3794 2019; baseline -0.002 -32"><span class='ocrx_word' id='word_1_116' title='bbox 828 1928 1083 2019; x_wconf 87' lang='lat' dir='ltr'>quem</span> <span class='ocrx_word' id='word_1_117' title='bbox 1138 1927 1452 1989; x_wconf 79' lang='lat' dir='ltr'>veteres</span> <span class='ocrx_word' id='word_1_118' title='bbox 1518 1900 1868 2017; x_wconf 85' lang='lat' dir='ltr'>Scythae</span> <span class='ocrx_word' id='word_1_119' title='bbox 1920 1900 2397 1991; x_wconf 84' lang='lat' dir='ltr'>habitabant</span> <span class='ocrx_word' id='word_1_120' title='bbox 2434 1967 2458 2009; x_wconf 87' lang='lat'>,</span> <span class='ocrx_word' id='word_1_121' title='bbox 2511 1910 2593 1990; x_wconf 87' lang='lat' dir='ltr'>in</span> <span class='ocrx_word' id='word_1_122' title='bbox 2658 1905 2955 1989; x_wconf 82' lang='lat' dir='ltr'>Indiam</span> <span class='ocrx_word' id='word_1_123' title='bbox 2996 1906 3398 1995; x_wconf 81' lang='lat' dir='ltr'>adventu,</span> <span class='ocrx_word' id='word_1_124' title='bbox 3431 1900 3794 2011; x_wconf 79' lang='lat' dir='ltr'>eleganti</span> 
     </span>
     <span class='ocr_line' id='line_1_15' title="bbox 830 2024 3797 2140; baseline -0.002 -25"><span class='ocrx_word' id='word_1_125' title='bbox 830 2028 1119 2115; x_wconf 84' lang='lat' dir='ltr'>Italica</span> <span class='ocrx_word' id='word_1_126' title='bbox 1176 2024 1727 2112; x_wconf 76' lang='lat' dir='ltr'>dissertatione</span> <span class='ocrx_word' id='word_1_127' title='bbox 1791 2049 2133 2129; x_wconf 83' lang='lat' dir='ltr'>tuetur,</span> <span class='ocrx_word' id='word_1_128' title='bbox 2203 2031 2442 2117; x_wconf 87' lang='lat' dir='ltr'>nobis</span> <span class='ocrx_word' id='word_1_129' title='bbox 2508 2032 2778 2116; x_wconf 71' lang='lat' dir='ltr'>dicata</span> <span class='ocrx_word' id='word_1_130' title='bbox 2843 2056 2942 2111; x_wconf 82' lang='lat' dir='ltr'>an</span> <span class='ocrx_word' id='word_1_131' title='bbox 3001 2025 3408 2140; x_wconf 78' lang='lat' dir='ltr'>serpentes</span> <span class='ocrx_word' id='word_1_132' title='bbox 3443 2025 3797 2111; x_wconf 80' lang='lat' dir='ltr'>cuculla-</span> 
     </span>
     <span class='ocr_line' id='line_1_16' title="bbox 829 2149 3799 2268; baseline -0.004 -27"><span class='ocrx_word' id='word_1_133' title='bbox 829 2158 948 2253; x_wconf 83' lang='lat' dir='ltr'>ti,</span> <span class='ocrx_word' id='word_1_134' title='bbox 1011 2179 1115 2236; x_wconf 82' lang='lat' dir='ltr'>an</span> <span class='ocrx_word' id='word_1_135' title='bbox 1176 2154 1321 2235; x_wconf 87' lang='lat' dir='ltr'>flos</span> <span class='ocrx_word' id='word_1_136' title='bbox 1381 2155 1568 2252; x_wconf 74' lang='lat' dir='ltr'>loti,</span> <span class='ocrx_word' id='word_1_137' title='bbox 1630 2178 1844 2266; x_wconf 87' lang='lat' dir='ltr'>quae</span> <span class='ocrx_word' id='word_1_138' title='bbox 1892 2158 1976 2237; x_wconf 88' lang='lat' dir='ltr'>in</span> <span class='ocrx_word' id='word_1_139' title='bbox 2039 2152 2468 2268; x_wconf 91' lang='lat' dir='ltr'>paludibus</span> <span class='ocrx_word' id='word_1_140' title='bbox 2506 2151 2913 2250; x_wconf 83' lang='lat' dir='ltr'>nascitur,</span> <span class='ocrx_word' id='word_1_141' title='bbox 2976 2181 3076 2237; x_wconf 88' lang='lat' dir='ltr'>an</span> <span class='ocrx_word' id='word_1_142' title='bbox 3116 2153 3486 2237; x_wconf 81' lang='lat' dir='ltr'>limiae&amp;</span> <span class='ocrx_word' id='word_1_143' title='bbox 3547 2149 3799 2250; x_wconf 70' lang='lat' dir='ltr'>simii,</span> 
     </span>
     <span class='ocr_line' id='line_1_17' title="bbox 823 2276 3796 2392; baseline -0.002 -27"><span class='ocrx_word' id='word_1_144' title='bbox 823 2306 929 2365; x_wconf 79' lang='lat' dir='ltr'>an</span> <span class='ocrx_word' id='word_1_145' title='bbox 986 2276 1173 2363; x_wconf 86' lang='lat' dir='ltr'>afini</span> <span class='ocrx_word' id='word_1_146' title='bbox 1239 2282 1321 2362; x_wconf 78' lang='grc' dir='ltr'>ὅτ</span> <span class='ocrx_word' id='word_1_147' title='bbox 1386 2277 1855 2392; x_wconf 84' lang='lat' dir='ltr'>elephantes</span> <span class='ocrx_word' id='word_1_148' title='bbox 1920 2282 2004 2362; x_wconf 85' lang='lat' dir='ltr'>in</span> <span class='ocrx_word' id='word_1_149' title='bbox 2083 2306 2365 2367; x_wconf 84' lang='lat' dir='ltr'>monte</span> <span class='ocrx_word' id='word_1_150' title='bbox 2424 2280 2666 2368; x_wconf 77' lang='lat' dir='ltr'>Tauro</span> <span class='ocrx_word' id='word_1_151' title='bbox 2719 2284 3291 2392; x_wconf 67' lang='lat' dir='ltr'>reperiantur?</span> <span class='ocrx_word' id='word_1_152' title='bbox 3375 2278 3622 2359; x_wconf 84' lang='lat' dir='ltr'>Dicat</span> <span class='ocrx_word' id='word_1_153' title='bbox 3668 2278 3796 2359; x_wconf 89' lang='lat' dir='ltr'>in·</span> 
     </span>
     <span class='ocr_line' id='line_1_18' title="bbox 824 2398 3794 2521; baseline -0 -34"><span class='ocrx_word' id='word_1_154' title='bbox 824 2429 1072 2521; x_wconf 88' lang='lat' dir='ltr'>quam</span> <span class='ocrx_word' id='word_1_155' title='bbox 1107 2460 1133 2500; x_wconf 85' lang='lat'>‚</span> <span class='ocrx_word' id='word_1_156' title='bbox 1192 2427 1290 2484; x_wconf 87' lang='lat' dir='ltr'>an</span> <span class='ocrx_word' id='word_1_157' title='bbox 1337 2399 1558 2488; x_wconf 87' lang='lat' dir='ltr'>Urbs</span> <span class='ocrx_word' id='word_1_158' title='bbox 1618 2403 1907 2488; x_wconf 87' lang='lat' dir='ltr'>Indica.</span> <span class='ocrx_word' id='word_1_159' title='bbox 1955 2407 2175 2487; x_wconf 80' lang='lat' dir='ltr'>Aoud</span> <span class='ocrx_word' id='word_1_160' title='bbox 2243 2406 2342 2491; x_wconf 81' lang='lat' dir='ltr'>ad</span> <span class='ocrx_word' id='word_1_161' title='bbox 2431 2432 2794 2517; x_wconf 67' lang='lat' dir='ltr'>montem</span> <span class='ocrx_word' id='word_1_162' title='bbox 2845 2398 3185 2487; x_wconf 69' lang='lat' dir='ltr'>Taurum</span> <span class='ocrx_word' id='word_1_163' title='bbox 3241 2401 3540 2487; x_wconf 73' lang='lat' dir='ltr'>exfistat</span> <span class='ocrx_word' id='word_1_164' title='bbox 3597 2460 3624 2499; x_wconf 78' lang='lat'>‚</span> <span class='ocrx_word' id='word_1_165' title='bbox 3689 2426 3794 2486; x_wconf 84' lang='lat' dir='ltr'>an</span> 
     </span>
     <span class='ocr_line' id='line_1_19' title="bbox 816 2524 3920 2647; baseline -0.001 -37"><span class='ocrx_word' id='word_1_166' title='bbox 816 2525 1430 2647; x_wconf 71' lang='lat' dir='ltr'>gymnosopht‘stae</span> <span class='ocrx_word' id='word_1_167' title='bbox 1493 2532 1572 2611; x_wconf 77' lang='grc' dir='ltr'>δι</span> <span class='ocrx_word' id='word_1_168' title='bbox 1629 2530 1843 2639; x_wconf 75' lang='lat' dir='ltr'>mag!</span> <span class='ocrx_word' id='word_1_169' title='bbox 1897 2529 2158 2614; x_wconf 87' lang='lat' dir='ltr'>Indici</span> <span class='ocrx_word' id='word_1_170' title='bbox 2214 2534 2299 2615; x_wconf 87' lang='lat' dir='ltr'>in</span> <span class='ocrx_word' id='word_1_171' title='bbox 2369 2559 2645 2618; x_wconf 87' lang='lat' dir='ltr'>monte</span> <span class='ocrx_word' id='word_1_172' title='bbox 2708 2524 2950 2615; x_wconf 76' lang='lat' dir='ltr'>Tauro</span> <span class='ocrx_word' id='word_1_173' title='bbox 3000 2531 3319 2615; x_wconf 83' lang='lat' dir='ltr'>Baccho</span> <span class='ocrx_word' id='word_1_174' title='bbox 3381 2526 3556 2612; x_wconf 74' lang='lat' dir='ltr'>iuis·</span> <span class='ocrx_word' id='word_1_175' title='bbox 3596 2554 3798 2609; x_wconf 89' lang='lat' dir='ltr'>con·</span> <span class='ocrx_word' id='word_1_176' title='bbox 3913 2530 3920 2535; x_wconf 82' lang='grc'><strong><em>’</em></strong></span> 
     </span>
     <span class='ocr_line' id='line_1_20' title="bbox 828 2647 3801 2774; baseline -0.003 -31"><span class='ocrx_word' id='word_1_177' title='bbox 828 2654 1019 2743; x_wconf 79' lang='lat' dir='ltr'>filiis</span> <span class='ocrx_word' id='word_1_178' title='bbox 1087 2647 1553 2765; x_wconf 87' lang='lat' dir='ltr'>prosperum</span> <span class='ocrx_word' id='word_1_179' title='bbox 1620 2653 1816 2738; x_wconf 87' lang='lat' dir='ltr'>belli</span> <span class='ocrx_word' id='word_1_180' title='bbox 1879 2680 2271 2760; x_wconf 81' lang='lat' dir='ltr'>eventum</span> <span class='ocrx_word' id='word_1_181' title='bbox 2336 2659 2985 2774; x_wconf 68' lang='lat' dir='ltr'>praedicebant3</span> <span class='ocrx_word' id='word_1_182' title='bbox 3045 2659 3228 2738; x_wconf 90' lang='lat' dir='ltr'>Iure</span> <span class='ocrx_word' id='word_1_183' title='bbox 3309 2682 3513 2767; x_wconf 88' lang='lat' dir='ltr'>ergo</span> <span class='ocrx_word' id='word_1_184' title='bbox 3573 2650 3801 2737; x_wconf 70' lang='lat' dir='ltr'>easti-</span> 
     </span>
    </p>
   </div>
   <div class='ocr_carea' id='block_1_2' title="bbox 653 2774 3793 2897">
    <p class='ocr_par' dir='ltr' id='par_1_4' title="bbox 653 2774 3793 2897">
     <span class='ocr_line' id='line_1_21' title="bbox 653 2774 3793 2897; baseline -0.001 -34"><span class='ocrx_word' id='word_1_185' title='bbox 653 2795 658 2805; x_wconf 91' lang='lat'>&#39;</span> <span class='ocrx_word' id='word_1_186' title='bbox 822 2800 1021 2897; x_wconf 74' lang='lat' dir='ltr'>gata</span> <span class='ocrx_word' id='word_1_187' title='bbox 1072 2786 1303 2863; x_wconf 88' lang='lat' dir='ltr'>fuere</span> <span class='ocrx_word' id='word_1_188' title='bbox 1338 2774 1447 2858; x_wconf 88' lang='lat' dir='ltr'>D’</span> <span class='ocrx_word' id='word_1_189' title='bbox 1476 2781 2006 2865; x_wconf 68' lang='lat' dir='ltr'>Hancarviuii</span> <span class='ocrx_word' id='word_1_190' title='bbox 2031 2779 2335 2894; x_wconf 80' lang='lat' dir='ltr'>somnia</span> <span class='ocrx_word' id='word_1_191' title='bbox 2372 2849 2398 2887; x_wconf 89' lang='lat'>‚</span> <span class='ocrx_word' id='word_1_192' title='bbox 2463 2788 2801 2870; x_wconf 86' lang='lat' dir='ltr'>&amp;nimis</span> <span class='ocrx_word' id='word_1_193' title='bbox 2834 2782 3176 2865; x_wconf 83' lang='lat' dir='ltr'>audaces</span> <span class='ocrx_word' id='word_1_194' title='bbox 3224 2783 3793 2865; x_wconf 81' lang='lat' dir='ltr'>ariolationes.</span> 
     </span>
    </p>
   </div>
   <div class='ocr_carea' id='block_1_3' title="bbox 803 2906 3801 3657">
    <p class='ocr_par' dir='ltr' id='par_1_5' title="bbox 803 2906 3801 3657">
     <span class='ocr_line' id='line_1_22' title="bbox 826 2906 3801 3030; baseline -0 -43"><span class='ocrx_word' id='word_1_195' title='bbox 826 2915 1304 3030; x_wconf 78' lang='lat' dir='ltr'>Quamquam</span> <span class='ocrx_word' id='word_1_196' title='bbox 1368 2932 1560 2988; x_wconf 82' lang='lat' dir='ltr'>nunc</span> <span class='ocrx_word' id='word_1_197' title='bbox 1606 2935 1748 2991; x_wconf 79' lang='lat' dir='ltr'>non</span> <span class='ocrx_word' id='word_1_198' title='bbox 1767 2907 2016 3016; x_wconf 72' lang='lat' dir='ltr'>ficlle</span> <span class='ocrx_word' id='word_1_199' title='bbox 2068 2915 2543 2996; x_wconf 83' lang='lat' dir='ltr'>metuendum</span> <span class='ocrx_word' id='word_1_200' title='bbox 2606 2911 2704 3013; x_wconf 80' lang='lat' dir='ltr'>est</span> <span class='ocrx_word' id='word_1_201' title='bbox 2737 2972 2761 3009; x_wconf 82' lang='lat'>,</span> <span class='ocrx_word' id='word_1_202' title='bbox 2826 2937 2918 2991; x_wconf 88' lang='lat' dir='ltr'>ne</span> <span class='ocrx_word' id='word_1_203' title='bbox 2966 2908 3357 2993; x_wconf 76' lang='lat' dir='ltr'>Martinus</span> <span class='ocrx_word' id='word_1_204' title='bbox 3383 2969 3410 3006; x_wconf 85' lang='lat'><strong>‚</strong></span> <span class='ocrx_word' id='word_1_205' title='bbox 3464 2906 3801 3017; x_wconf 69' lang='lat' dir='ltr'>Ingh&#39;ira-</span> 
     </span>
     <span class='ocr_line' id='line_1_23' title="bbox 816 3030 3795 3150; baseline -0.002 -31"><span class='ocrx_word' id='word_1_206' title='bbox 816 3059 988 3119; x_wconf 78' lang='lat' dir='ltr'>mus</span> <span class='ocrx_word' id='word_1_207' title='bbox 1023 3091 1049 3128; x_wconf 83' lang='lat'>,</span> <span class='ocrx_word' id='word_1_208' title='bbox 1113 3030 1635 3150; x_wconf 79' lang='lat' dir='ltr'>Ebermayerus</span> <span class='ocrx_word' id='word_1_209' title='bbox 1657 3092 1682 3131; x_wconf 88' lang='lat'>,</span> <span class='ocrx_word' id='word_1_210' title='bbox 1740 3033 2039 3116; x_wconf 74' lang='lat' dir='ltr'>Golzius</span> <span class='ocrx_word' id='word_1_211' title='bbox 2072 3093 2098 3135; x_wconf 89' lang='lat'>‚</span> <span class='ocrx_word' id='word_1_212' title='bbox 2160 3040 2599 3122; x_wconf 68' lang='lat' dir='ltr'>Har-dminus</span> <span class='ocrx_word' id='word_1_213' title='bbox 2635 3097 2663 3137; x_wconf 81' lang='lat'>,</span> <span class='ocrx_word' id='word_1_214' title='bbox 2707 3036 2988 3147; x_wconf 78' lang='lat' dir='ltr'>aliique</span> <span class='ocrx_word' id='word_1_215' title='bbox 3016 3035 3129 3118; x_wconf 76' lang='lat' dir='ltr'>bis</span> <span class='ocrx_word' id='word_1_216' title='bbox 3154 3035 3440 3141; x_wconf 80' lang='lat' dir='ltr'>ssmiles</span> <span class='ocrx_word' id='word_1_217' title='bbox 3492 3063 3617 3115; x_wconf 74' lang='lat' dir='ltr'>nes</span> <span class='ocrx_word' id='word_1_218' title='bbox 3637 3030 3795 3136; x_wconf 73' lang='lat' dir='ltr'>fal-</span> 
     </span>
     <span class='ocr_line' id='line_1_24' title="bbox 828 3157 3796 3269; baseline -0.001 -28"><span class='ocrx_word' id='word_1_219' title='bbox 828 3161 996 3241; x_wconf 77' lang='lat' dir='ltr'>lant</span> <span class='ocrx_word' id='word_1_220' title='bbox 1029 3220 1054 3256; x_wconf 90' lang='lat'><strong>,</strong></span> <span class='ocrx_word' id='word_1_221' title='bbox 1120 3175 1374 3239; x_wconf 78' lang='lat' dir='ltr'>tamen</span> <span class='ocrx_word' id='word_1_222' title='bbox 1433 3187 1562 3242; x_wconf 83' lang='lat' dir='ltr'>nec</span> <span class='ocrx_word' id='word_1_223' title='bbox 1609 3157 1862 3263; x_wconf 75' lang='lat' dir='ltr'>noslrt&#39;s</span> <span class='ocrx_word' id='word_1_224' title='bbox 1902 3162 2769 3269; x_wconf 68' lang='lat' dir='ltr'>1·en·1p‹m··h»mGebellmr²</span> <span class='ocrx_word' id='word_1_225' title='bbox 2832 3158 2942 3243; x_wconf 88' lang='lat' dir='ltr'>D’</span> <span class='ocrx_word' id='word_1_226' title='bbox 2965 3159 3460 3245; x_wconf 75' lang='lat' dir='ltr'>Hancarviui</span> <span class='ocrx_word' id='word_1_227' title='bbox 3481 3221 3510 3256; x_wconf 83' lang='lat'>‚</span> <span class='ocrx_word' id='word_1_228' title='bbox 3574 3158 3796 3239; x_wconf 69' lang='lat' dir='ltr'>Poin-</span> 
     </span>
     <span class='ocr_line' id='line_1_25' title="bbox 803 3283 3799 3401; baseline 0 -36"><span class='ocrx_word' id='word_1_229' title='bbox 803 3283 1045 3397; x_wconf 72' lang='lat' dir='ltr'>finetl</span> <span class='ocrx_word' id='word_1_230' title='bbox 1075 3346 1098 3381; x_wconf 92' lang='lat'>,</span> <span class='ocrx_word' id='word_1_231' title='bbox 1174 3283 1443 3369; x_wconf 78' lang='lat' dir='ltr'>Wittii</span> <span class='ocrx_word' id='word_1_232' title='bbox 1494 3340 1522 3382; x_wconf 85' lang='lat'><strong>,</strong></span> <span class='ocrx_word' id='word_1_233' title='bbox 1603 3284 1867 3368; x_wconf 80' lang='lat' dir='ltr'>Kochit&#39;</span> <span class='ocrx_word' id='word_1_234' title='bbox 1910 3342 1938 3383; x_wconf 85' lang='lat'>‚</span> <span class='ocrx_word' id='word_1_235' title='bbox 1994 3286 2276 3399; x_wconf 75' lang='lat' dir='ltr'>allique</span> <span class='ocrx_word' id='word_1_236' title='bbox 2325 3290 2580 3395; x_wconf 74' lang='lat' dir='ltr'>desunt</span> <span class='ocrx_word' id='word_1_237' title='bbox 2628 3352 2654 3390; x_wconf 89' lang='lat'>‚</span> <span class='ocrx_word' id='word_1_238' title='bbox 2713 3315 3026 3401; x_wconf 77' lang='lat' dir='ltr'>quorum</span> <span class='ocrx_word' id='word_1_239' title='bbox 3072 3307 3478 3370; x_wconf 81' lang='lat' dir='ltr'>commenta</span> <span class='ocrx_word' id='word_1_240' title='bbox 3532 3288 3614 3366; x_wconf 78' lang='lat' dir='ltr'>in</span> <span class='ocrx_word' id='word_1_241' title='bbox 3671 3284 3799 3366; x_wconf 76' lang='lat' dir='ltr'>hoe</span> 
     </span>
     <span class='ocr_line' id='line_1_26' title="bbox 820 3409 3796 3526; baseline 0 -35"><span class='ocrx_word' id='word_1_242' title='bbox 820 3436 1096 3523; x_wconf 80' lang='lat' dir='ltr'>genere</span> <span class='ocrx_word' id='word_1_243' title='bbox 1131 3409 1496 3514; x_wconf 68' lang='lat' dir='ltr'>ffibtilius</span> <span class='ocrx_word' id='word_1_244' title='bbox 1546 3409 1903 3492; x_wconf 72' lang='lat' dir='ltr'>Iudicium</span> <span class='ocrx_word' id='word_1_245' title='bbox 1933 3414 2274 3519; x_wconf 73' lang='lat' dir='ltr'>repudiet</span> <span class='ocrx_word' id='word_1_246' title='bbox 2293 3473 2320 3513; x_wconf 86' lang='lat'>‚</span> <span class='ocrx_word' id='word_1_247' title='bbox 2390 3413 2789 3526; x_wconf 57' lang='lat' dir='ltr'>meliorque</span> <span class='ocrx_word' id='word_1_248' title='bbox 2815 3414 3071 3521; x_wconf 72' lang='lat' dir='ltr'>senfin</span> <span class='ocrx_word' id='word_1_249' title='bbox 3138 3414 3389 3496; x_wconf 75' lang='lat' dir='ltr'>eludat</span> <span class='ocrx_word' id='word_1_250' title='bbox 3417 3469 3446 3510; x_wconf 77' lang='lat'>‚</span> <span class='ocrx_word' id='word_1_251' title='bbox 3512 3411 3619 3492; x_wconf 87' lang='lat' dir='ltr'>D.</span> <span class='ocrx_word' id='word_1_252' title='bbox 3662 3414 3796 3492; x_wconf 84' lang='lat' dir='ltr'>Be·</span> 
     </span>
     <span class='ocr_line' id='line_1_27' title="bbox 805 3529 3790 3657; baseline -0.001 -36"><span class='ocrx_word' id='word_1_253' title='bbox 805 3539 994 3629; x_wconf 77' lang='lat' dir='ltr'>,cltii</span> <span class='ocrx_word' id='word_1_254' title='bbox 1029 3535 1568 3621; x_wconf 73' lang='lat' dir='ltr'>Commutatio</span> <span class='ocrx_word' id='word_1_255' title='bbox 1584 3538 1691 3640; x_wconf 74' lang='lat' dir='ltr'>&#39;de</span> <span class='ocrx_word' id='word_1_256' title='bbox 1719 3529 1940 3643; x_wconf 73' lang='lat' dir='ltr'>serfit</span> <span class='ocrx_word' id='word_1_257' title='bbox 1973 3535 2227 3622; x_wconf 78' lang='lat' dir='ltr'>critico</span> <span class='ocrx_word' id='word_1_258' title='bbox 2258 3541 2696 3625; x_wconf 78' lang='lat' dir='ltr'>excitando.</span> <span class='ocrx_word' id='word_1_259' title='bbox 2757 3538 3060 3657; x_wconf 82' lang='lat' dir='ltr'>Lipfiae</span> <span class='ocrx_word' id='word_1_260' title='bbox 3101 3567 3133 3623; x_wconf 83' lang='lat' dir='ltr'>t</span> <span class='ocrx_word' id='word_1_261' title='bbox 3156 3567 3268 3649; x_wconf 88' lang='lat'>79</span> <span class='ocrx_word' id='word_1_262' title='bbox 3292 3568 3360 3622; x_wconf 89' lang='lat'>1.</span> <span class='ocrx_word' id='word_1_263' title='bbox 3381 3549 3790 3651; x_wconf 80' lang='lat' dir='ltr'>p.xxvm.</span> 
     </span>
    </p>
   </div>
   <div class='ocr_carea' id='block_1_4' title="bbox 1776 3786 2886 3879">
    <p class='ocr_par' dir='ltr' id='par_1_6' title="bbox 1776 3786 2886 3879">
     <span class='ocr_line' id='line_1_28' title="bbox 1776 3786 2886 3879; baseline 0.002 -9"><span class='ocrx_word' id='word_1_264' title='bbox 1776 3786 2567 3877; x_wconf 86' lang='lat' dir='ltr'><strong>NUMERO</strong></span> <span class='ocrx_word' id='word_1_265' title='bbox 2710 3790 2886 3879; x_wconf 90' lang='lat' dir='ltr'>v1.</span> 
     </span>
    </p>
   </div>
   <div class='ocr_carea' id='block_1_5' title="bbox 738 3898 3793 4782">
    <p class='ocr_par' dir='ltr' id='par_1_7' title="bbox 738 3898 3793 4782">
     <span class='ocr_line' id='line_1_29' title="bbox 826 3898 3793 4154; baseline -0.006 -18"><span class='ocrx_word' id='word_1_266' title='bbox 826 3898 1237 4135; x_wconf 87' lang='lat' dir='ltr'>Liber</span> <span class='ocrx_word' id='word_1_267' title='bbox 1296 4032 1769 4121; x_wconf 86' lang='lat' dir='ltr'>chartaceus</span> <span class='ocrx_word' id='word_1_268' title='bbox 1834 4041 1918 4122; x_wconf 74' lang='lat' dir='ltr'>fn</span> <span class='ocrx_word' id='word_1_269' title='bbox 1955 4044 2106 4154; x_wconf 73' lang='lat' dir='ltr'>fil.</span> <span class='ocrx_word' id='word_1_270' title='bbox 2164 4038 2749 4152; x_wconf 78' lang='lat' dir='ltr'>manuscriptus</span> <span class='ocrx_word' id='word_1_271' title='bbox 2808 4065 2853 4124; x_wconf 84' lang='lat' dir='ltr'>a</span> <span class='ocrx_word' id='word_1_272' title='bbox 2918 4041 3003 4121; x_wconf 84' lang='lat' dir='ltr'>P.</span> <span class='ocrx_word' id='word_1_273' title='bbox 3058 4037 3342 4122; x_wconf 81' lang='lat' dir='ltr'>Marco</span> <span class='ocrx_word' id='word_1_274' title='bbox 3414 4061 3462 4120; x_wconf 90' lang='lat' dir='ltr'>a</span> <span class='ocrx_word' id='word_1_275' title='bbox 3530 4033 3793 4118; x_wconf 61' lang='lat' dir='ltr'>Tum-</span> 
     </span>
     <span class='ocr_line' id='line_1_30' title="bbox 738 4159 3791 4278; baseline 0.001 -36"><span class='ocrx_word' id='word_1_276' title='bbox 738 4271 747 4278; x_wconf 31' lang='lat'><strong>·</strong></span> <span class='ocrx_word' id='word_1_277' title='bbox 824 4159 982 4260; x_wconf 80' lang='lat' dir='ltr'>ba,</span> <span class='ocrx_word' id='word_1_278' title='bbox 1048 4186 1294 4274; x_wconf 87' lang='lat' dir='ltr'>quem</span> <span class='ocrx_word' id='word_1_279' title='bbox 1368 4164 1449 4243; x_wconf 87' lang='lat' dir='ltr'>in</span> <span class='ocrx_word' id='word_1_280' title='bbox 1540 4164 2247 4251; x_wconf 86' lang='lat' dir='ltr'>lucubrationibus</span> <span class='ocrx_word' id='word_1_281' title='bbox 2337 4167 2629 4253; x_wconf 82' lang='lat' dir='ltr'>nostris·</span> <span class='ocrx_word' id='word_1_282' title='bbox 2690 4166 2921 4276; x_wconf 82' lang='lat' dir='ltr'>saepe</span> <span class='ocrx_word' id='word_1_283' title='bbox 2986 4164 3446 4248; x_wconf 86' lang='lat' dir='ltr'>Indicarum</span> <span class='ocrx_word' id='word_1_284' title='bbox 3521 4185 3791 4246; x_wconf 81' lang='lat' dir='ltr'>rerum</span> 
     </span>
     <span class='ocr_line' id='line_1_31' title="bbox 821 4283 3787 4404; baseline 0 -36"><span class='ocrx_word' id='word_1_285' title='bbox 821 4283 1100 4368; x_wconf 84' lang='lat' dir='ltr'>testem</span> <span class='ocrx_word' id='word_1_286' title='bbox 1174 4287 1743 4386; x_wconf 66' lang='lat' dir='ltr'>adhibuimus,</span> <span class='ocrx_word' id='word_1_287' title='bbox 1803 4317 2175 4377; x_wconf 71' lang='lat' dir='ltr'>numerat</span> <span class='ocrx_word' id='word_1_288' title='bbox 2249 4295 2581 4404; x_wconf 83' lang='lat' dir='ltr'>paginas</span> <span class='ocrx_word' id='word_1_289' title='bbox 2657 4320 2863 4395; x_wconf 74' lang='lat'><strong>²03·</strong></span> <span class='ocrx_word' id='word_1_290' title='bbox 2946 4287 3244 4403; x_wconf 88' lang='lat' dir='ltr'>quibus</span> <span class='ocrx_word' id='word_1_291' title='bbox 3312 4291 3413 4374; x_wconf 89' lang='lat' dir='ltr'>ad</span> <span class='ocrx_word' id='word_1_292' title='bbox 3478 4290 3787 4374; x_wconf 85' lang='lat' dir='ltr'>calcem</span> 
     </span>
     <span class='ocr_line' id='line_1_32' title="bbox 819 4413 3790 4516; baseline 0 -22"><span class='ocrx_word' id='word_1_293' title='bbox 819 4413 1271 4495; x_wconf 65' lang='lat' dir='ltr'>annectitur</span> <span class='ocrx_word' id='word_1_294' title='bbox 1329 4417 1576 4499; x_wconf 75' lang='lat' dir='ltr'>index</span> <span class='ocrx_word' id='word_1_295' title='bbox 1611 4477 1634 4500; x_wconf 89' lang='lat'><strong>.</strong></span> <span class='ocrx_word' id='word_1_296' title='bbox 1684 4420 1972 4516; x_wconf 71' lang='lat' dir='ltr'>Primo,</span> <span class='ocrx_word' id='word_1_297' title='bbox 2021 4425 2411 4508; x_wconf 75' lang='lat' dir='ltr'>continet,</span> <span class='ocrx_word' id='word_1_298' title='bbox 2452 4421 2954 4514; x_wconf 66' lang='lat' dir='ltr'>itinerarium</span> <span class='ocrx_word' id='word_1_299' title='bbox 2993 4419 3090 4498; x_wconf 86' lang='lat' dir='ltr'>ad</span> <span class='ocrx_word' id='word_1_300' title='bbox 3130 4416 3439 4499; x_wconf 83' lang='lat' dir='ltr'>Indiam</span> <span class='ocrx_word' id='word_1_301' title='bbox 3495 4417 3790 4496; x_wconf 87' lang='lat' dir='ltr'>Orien·</span> 
     </span>
     <span class='ocr_line' id='line_1_33' title="bbox 820 4535 3788 4655; baseline 0.001 -38"><span class='ocrx_word' id='word_1_302' title='bbox 820 4535 1118 4637; x_wconf 69' lang='lat' dir='ltr'>talem,</span> <span class='ocrx_word' id='word_1_303' title='bbox 1172 4540 1256 4621; x_wconf 87' lang='lat' dir='ltr'>in</span> <span class='ocrx_word' id='word_1_304' title='bbox 1315 4564 1485 4654; x_wconf 89' lang='lat' dir='ltr'>quo</span> <span class='ocrx_word' id='word_1_305' title='bbox 1547 4541 2146 4629; x_wconf 46' lang='lat' dir='ltr'>aman-cnsue-</span> <span class='ocrx_word' id='word_1_306' title='bbox 2208 4544 2434 4629; x_wconf 88' lang='lat' dir='ltr'>bellis</span> <span class='ocrx_word' id='word_1_307' title='bbox 2510 4548 2590 4628; x_wconf 92' lang='lat' dir='ltr'>in</span> <span class='ocrx_word' id='word_1_308' title='bbox 2629 4541 2954 4627; x_wconf 65' lang='lat' dir='ltr'>‘boreali</span> <span class='ocrx_word' id='word_1_309' title='bbox 3002 4545 3232 4625; x_wconf 83' lang='lat' dir='ltr'>India</span> <span class='ocrx_word' id='word_1_310' title='bbox 3281 4540 3516 4655; x_wconf 82' lang='lat' dir='ltr'>gestis</span> <span class='ocrx_word' id='word_1_311' title='bbox 3574 4598 3599 4635; x_wconf 84' lang='lat'>‚</span> <span class='ocrx_word' id='word_1_312' title='bbox 3683 4536 3788 4620; x_wconf 93' lang='lat' dir='ltr'>de</span> 
     </span>
     <span class='ocr_line' id='line_1_34' title="bbox 814 4665 3788 4782; baseline 0.001 -39"><span class='ocrx_word' id='word_1_313' title='bbox 814 4685 1109 4772; x_wconf 77' lang='lat' dir='ltr'>regum</span> <span class='ocrx_word' id='word_1_314' title='bbox 1161 4670 1287 4746; x_wconf 67' lang='grc' dir='ltr'>δὲ</span> <span class='ocrx_word' id='word_1_315' title='bbox 1271 4691 1733 4780; x_wconf 74' lang='lat' dir='ltr'>regnorum</span> <span class='ocrx_word' id='word_1_316' title='bbox 1802 4666 2332 4756; x_wconf 70' lang='lat' dir='ltr'>vieiffitudine</span> <span class='ocrx_word' id='word_1_317' title='bbox 2401 4672 2503 4755; x_wconf 86' lang='lat' dir='ltr'>ab</span> <span class='ocrx_word' id='word_1_318' title='bbox 2553 4699 2774 4755; x_wconf 87' lang='lat' dir='ltr'>anno</span> <span class='ocrx_word' id='word_1_319' title='bbox 2852 4682 3116 4771; x_wconf 80' lang='lat'>1756.</span> <span class='ocrx_word' id='word_1_320' title='bbox 3173 4665 3423 4782; x_wconf 85' lang='lat' dir='ltr'>usque</span> <span class='ocrx_word' id='word_1_321' title='bbox 3483 4665 3583 4747; x_wconf 88' lang='lat' dir='ltr'>ad</span> <span class='ocrx_word' id='word_1_322' title='bbox 3645 4691 3788 4746; x_wconf 85' lang='lat' dir='ltr'>an·</span> 
     </span>
    </p>
   </div>
   <div class='ocr_carea' id='block_1_6' title="bbox 813 4796 3801 5002">
    <p class='ocr_par' dir='ltr' id='par_1_8' title="bbox 813 4796 3801 5002">
     <span class='ocr_line' id='line_1_35' title="bbox 813 4796 3801 5002; baseline -0.001 -126"><span class='ocrx_word' id='word_1_323' title='bbox 813 4813 1025 4876; x_wconf 83' lang='lat' dir='ltr'>uum</span> <span class='ocrx_word' id='word_1_324' title='bbox 1054 4815 1377 4908; x_wconf 54' lang='lat'>1774„</span> <span class='ocrx_word' id='word_1_325' title='bbox 1398 4811 1585 4914; x_wconf 79' lang='lat' dir='ltr'>quo‘</span> <span class='ocrx_word' id='word_1_326' title='bbox 1634 4817 1741 4888; x_wconf 70' lang='lat' dir='ltr'>ex</span> <span class='ocrx_word' id='word_1_327' title='bbox 1785 4801 2018 4890; x_wconf 69' lang='lat' dir='ltr'>India</span> <span class='ocrx_word' id='word_1_328' title='bbox 2077 4800 2337 4890; x_wconf 69' lang='lat' dir='ltr'>redux</span> <span class='ocrx_word' id='word_1_329' title='bbox 2394 4801 2750 4887; x_wconf 68' lang='lat' dir='ltr'>Romam</span> <span class='ocrx_word' id='word_1_330' title='bbox 2809 4799 3099 4896; x_wconf 73' lang='lat' dir='ltr'>venit,</span> <span class='ocrx_word' id='word_1_331' title='bbox 3176 4796 3429 4882; x_wconf 81' lang='lat' dir='ltr'>multa</span> <span class='ocrx_word' id='word_1_332' title='bbox 3507 4809 3801 5002; x_wconf 56' lang='grc' dir='ltr'>αὲιεῖιει</span> 
     </span>
     <span class='ocr_line' id='line_1_36' title="bbox 3710 4942 3801 5001; baseline 0 0"><span class='ocrx_word' id='word_1_333' title='bbox 3710 4942 3801 5001; x_wconf 85' lang='grc' dir='ltr'>ιι·</span> 
     </span>
    </p>
   </div>
  </div>
 </body>
</html>
