4299 5782
841 312 1003 369 102
1441 369 1445 373 ,
3550 348 3554 352 »

828 432 1279 521 temporum,
1336 417 1630 497 Vener.
1673 437 1933 529 1737.
1990 424 2169 525 pag.
2209 440 2346 519 57.
2398 403 2497 498 ό·
2531 410 2700 524 seq.
2750 415 2893 499 His
2931 411 3183 528 igitur
3230 415 3552 529 politis,
3616 411 3799 533 quis

832 566 996 622 non
1023 541 1269 639 videt,
1301 536 1398 624 ab
1428 567 1644 624 anno
1678 543 2003 626 circiter
2030 538 2820 654 quadringentesimo
2853 566 3041 625 ante
3079 540 3482 626 Christum
3517 565 3793 628 natum
3875 594 3881 600 —

832 660 1384 778 philosophiae
1433 671 1510 749 δι
1569 664 2118 781 mythologiae
2168 661 2504 747 studium
2563 668 3028 777 cumprimis
3085 667 3182 753 ad
3242 668 3618 779 Gangem
3655 691 3787 749 ex-

836 791 1144 875 cultum
1194 788 1489 877 fuiffe.
1455 799 1494 852 ‘²
1546 796 1784 913 Quis
1805 791 2138 903 negabit
2188 785 2617 901 praecipua
2674 816 3046 903 poemata
3100 788 3597 904 philosophis
3657 793 3791 873 ln-

835 915 1037 1001 dicis
1107 917 1205 1002 ad
1253 916 1592 1005 fluvium
1658 920 2026 1000 Yamuna
2072 920 2153 998 &
2217 915 2592 1027 Gangem
2651 915 3198 1001 habitantibus
3269 912 3790 1001 adscribenda

829 1036 988 1127 effe
1029 1049 1101 1124 ‘3
1126 1039 1251 1125 Ibi
1288 1041 1715 1140 Budham,
1773 1041 1898 1124 vel
1934 1041 2387 1123 Godamam
2417 1041 2941 1125 remotiffimis
2979 1045 3476 1155 temporibus
3516 1068 3795 1127 natum

831 1162 1062 1250 fuisse
1123 1173 1198 1253 δι
1248 1164 1662 1282 regnasse,
1724 1168 1964 1263 Indi,
2024 1162 2475 1265 Tibctani,
2538 1169 2950 1278 Peguani,
3014 1165 3464 1253 Siamenses
3520 1172 3598 1250 δε
3664 1167 3789 1250 Si-

831 1331 1113 1421 nenses
1148 1330 1864 1445 comminiscuntur
1905 1392 1930 1434 ,
1994 1327 2109 1414 ibi
2172 1351 2380 1415 terra
2404 1332 2677 1439 stanna
2722 1330 2855 1419 seu
2896 1314 3431 1465 n-Affggssffi
3481 1357 3800 1452 punya...

788 1503 1095 1588 bitum?
1133 1503 1300 1605 est,
1366 1506 1475 1589 ibi
1548 1501 1708 1618 styx
1770 1496 1903 1585 seu
1961 1509 2342 1596 Yamuna,
2409 1500 2521 1584 ibi
2580 1501 2836 1585 Calin?
2887 1506 3230 1603 fluvius,
3297 1531 3543 1618 quem
3593 1505 3790 1589 Bac·

827 1629 1027 1715 chus
1082 1631 1385 1714 tranfiit
1441 1634 1518 1712 δι
1559 1624 2072 1713 sanctificavit
2105 1688 2131 1726 ,
2196 1626 2309 1710 ibi
2361 1651 2595 1737 reges
2662 1621 2905 1711 sanciti
2937 1682 2968 1730 ,
3033 1631 3143 1715 ibi
3203 1632 3556 1741 virgines
3603 1622 3786 1743 pul·

824 1756 1065 1841 chrae
1121 1760 1199 1838 δε
1249 1755 1495 1843 castae
1535 1816 1559 1851 ,
1624 1754 1737 1835 ibi
1793 1754 1901 1837 dii
1940 1753 2331 1837 incarnati
2368 1748 2835 1836 hominibus
2866 1779 3468 1869 apparuerunt,
3531 1782 3781 1872 atque

819 1880 1140 1967 flumen
1189 1886 1618 1980 Yamuna,
1673 1880 2110 1993 Gangem,
2174 1881 2252 1959 δε
2337 1879 2609 1964 Calini
2704 1881 2792 1962 in
2859 1882 2954 1961 iis
3020 1875 3097 1965 se
3132 1878 3532 1967 lustrando
3591 1886 3818 1968 con-⁶

821 2002 1236 2115 sectarunt
1302 2067 1328 2107 ,
1378 2007 1490 2089 ibi
1559 2007 1661 2098 ad⁴
1716 2001 1986 2086 fontes
2028 2004 2344 2117 Gangis
2397 2009 2478 2087 δι
2533 2003 2808 2116 Gagra
2861 2001 3265 2116 paradisus
3331 2009 3780 2108 terrestriS,

822 2135 944 2218 ibi
1001 2133 1114 2218 sol
1164 2139 1243 2217 δι
1309 2132 1870 2231 lunamaximi
1927 2128 2190 2213 Indici
2244 2128 2357 2211 dii
2414 2125 2587 2215 suas
2655 2125 2883 2213 sedes
2930 2134 3005 2212 δι
3064 2131 3470 2218 domicilia
3525 2136 3777 2219 collo-

822 2285 1170 2344 carunt.
1236 2257 1461 2373 Quid
1491 2259 1740 2368 igitur
1778 2258 2125 2347 mirum,
2186 2252 2580 2366 fi1poema
2641 2251 2986 2339 nostrum
3022 2258 3124 2340 de
3165 2255 3784 2347 menfilibuslu-⁸

812 2383 1332 2476 strationibus
1394 2388 1784 2480 trastanS,
1838 2378 2077 2462 fluvii
2133 2381 2386 2463 catini
2431 2405 2678 2494 aquas
2736 2380 3112 2465 laudibus
3178 2385 3587 2487 extollat,
3654 2413 3776 2472 at·

807 2538 973 2623 que
1041 2511 1141 2597 ad
1207 2504 1454 2595 sacras
1507 2504 2004 2591 lustrationes
2055 2502 2346 2590 invitet
2401 2511 2440 2588 ¹3
2493 2502 3158 2619 Philosophorum
3211 2509 3438 2594 labor
3489 2514 3570 2595 δε
3631 2511 3772 2599 stu·

799 2635 1027 2723 dium
1087 2659 1320 2733 erat,
1383 2631 1586 2717 haec
1633 2630 1906 2715 omnia
1959 2622 2421 2714 fictionibus
2492 2656 2886 2715 exornare
2952 2635 3317 2745 ‚populi
3376 2640 3771 2752 imagina-

802 2766 1112 2850 tionem
1175 2758 1674 2856 incendere
1741 2778 2099 2841 mentem
2157 2756 2559 2855 incitare,
2619 2758 3004 2870 dogmata
3043 2754 3177 2841 sua
3212 2757 3617 2863 stabilire,
3683 2767 3767 2850 in

794 2894 1141 3006 patriam
1192 2885 1409 2973 suam
1464 2911 1823 2972 amorem
1881 2886 1959 2968 δι
2012 2884 2623 2969 venerationem
2684 2909 3214 2996 promovere,
3275 2886 3378 2972 ad
3443 2914 3776 2978 natura-

794 3018 895 3103 lis
949 3009 1509 3131 philosophiae
1558 3011 2036 3097 exercitium
2105 3006 2344 3092 Indos
2401 3009 2778 3093 omnibus
2839 3011 3240 3097 illecebris
3315 3011 3762 3125 pellicere.

598 3153 607 3164 ’
788 3139 960 3225 Dic
1014 3139 1218 3224 Indo
1282 3139 1584 3236 alicui,
1649 3159 1738 3220 ut
1805 3138 2140 3249 patriam
2196 3128 2414 3217 suam
2469 3138 2931 3278 relinquat,
2997 3163 3092 3220 ac
3150 3141 3233 3221 in
3290 3139 3482 3224 alias
3541 3143 3764 3230 orbis

790 3288 1062 3382 partes
1112 3264 1515 3377 emigret.
1577 3261 1864 3345 Statim
1923 3254 2498 3372 respondebit.
2569 3263 2829 3374 patria
2873 3254 3010 3345 sua
3050 3287 3201 3347 nec
3238 3259 3757 3370 sanctiorem,

797 3418 955 3478 nec
997 3389 1451 3477 feliciorem
1507 3383 1788 3469 mundi
1854 3409 2165 3496 partem
2220 3382 2500 3468 haberi
2561 3380 2829 3496 posse.
2895 3384 3027 3472 De
3094 3386 3222 3472 his
3283 3414 3486 3504 ergo
3545 3389 3759 3479 τεᾶε

644 3610 655 3619 ‚
787 3515 951 3603 dici
1004 3513 1310 3630 potest,
1373 3510 1596 3628 quod
1643 3507 1984 3594 Iustinus
2040 3510 2171 3593 lib.
2210 3536 2286 3593 2.
2351 3509 2622 3594 aiebat
2687 3509 2791 3597 de
2863 3510 3187 3630 Scythis
3246 3543 3273 3599 z
3358 3524 3522 3600 Hoc
3603 3518 3760 3604 illis

786 3663 1145 3729 naturam
1193 3642 1436 3738 dare,
1497 3636 1697 3752 quod
1742 3634 2013 3721 Graec!
2052 3636 2270 3747 longa
2309 3633 2740 3749 stapel-ntum
2770 3637 3158 3740 dont-ina,
3208 3662 3586 3751 praecept
3557 3644 3754 3757 sque

774 3767 1340 3883 philospherum
1391 3762 1724 3878 consequi
1755 3762 2310 3876 nequivi-rums
2359 3763 2719 3880 rultqsque
2789 3791 3023 3848 mores
3063 3765 3348 3849 Inculta
3403 3767 3753 3857 barbarie

778 3893 1167 3982 collatione
1186 3891 1617 4005 staperarl.
1680 3881 1919 3973 Tanto
1953 3891 2126 4000 plus
2162 3891 2459 4002 pnfict‘t
2516 3891 2884 3976 vitiorum
2927 3890 3343 4004 ignoratio,
3405 3922 3634 4005 quam
3670 3899 3753 3982 t‘n

775 4022 889 4107 bt’s
914 4019 1305 4124 <Graecis
1344 4018 1422 4099 δι
1466 4014 1770 4100 Latinis
1819 4023 1854 4120 )
1913 4012 2228 4130 cognitio
2268 4015 2637 4105 virtutis.
2683 4012 3021 4101 Confer
3076 4011 3395 4127 Astatlck
3475 4023 3750 4130 restar-

772 4148 991 4249 rhes,
1055 4170 1252 4230 tom.
1294 4169 1367 4226 1.
1423 4165 1606 4254 pag.
1642 4168 1853 4249 419.
1915 4170 2125 4250 4²0·
2178 4166 2391 4248 35²·
2455 4141 2549 4225 R.
2608 4144 2694 4226 Ρ.
2755 4140 3122 4227 Marcum
3179 4169 3226 4227 a
3278 4144 3605 4231 Tumba
3659 4151 3742 4239 in

771 4274 951 4361 cod.
1018 4266 1179 4358 mffi
1218 4270 1297 4354 b.
1353 4260 1501 4351 De'
1532 4265 1783 4378 luoghl
1813 4265 2040 4373 stanti
2116 4266 2244 4351 che
2308 4267 2375 4351 li
2437 4266 2716 4380 gentili
2763 4259 2940 4352 dell'
2970 4267 3348 4372 Indostaeno
3426 4273 3746 4381 vlsttaeno

768 4399 1404 4486 ordinas-iamenu
1438 4452 1468 4499 ,
1508 4395 1591 4478 in
1643 4385 1919 4478 museo
1964 4395 2387 4504 ⁸Borgiano
2437 4388 2874 4479 exstantem
2913 4396 2994 4476 dt
3017 4394 3340 4515 Mem
3386 4399 3748 4489 Brakma-

764 4527 1068 4622 nicum,
1113 4547 1298 4639 pag.
1340 4544 1535 4628 υς.
1604 4546 1801 4628 130.
1869 4521 2067 4626 138.
2137 4546 2336 4631 ¹40·
2405 4522 2554 4628 98.

1016 4690 1147 4775 Ad
1178 4685 1488 4774 num.11.
1507 4691 1951 4803 diligenter
1975 4629 2782 4778 animadvertendum
2815 4688 2924 4778 est
2955 4755 2980 4796 ‚
3039 4694 3515 4808 particulam
3555 4663 3742 4785 ὅὲωί
3815 4707 3820 4710 Α

754 4886 892 4954 om
927 4920 953 4962 ,
988 4862 1159 4974 fiat
1198 4917 1224 4961 ,
1291 4880 1533 4974 quam
1595 4860 1776 4947 Indi
1838 4860 2121 4975 digitis
2175 4863 2264 4949 in
2308 4885 2522 4978 aqua
2573 4856 3010 4955 efformant
3062 4864 3260 4954 dum
3339 4858 3729 5077 sosarinu-

3598 5014 3734 5082 an-
