<?xml version="1.0" encoding="UTF-8"?>
<!DOCTYPE html PUBLIC "-//W3C//DTD XHTML 1.0 Transitional//EN"
    "http://www.w3.org/TR/xhtml1/DTD/xhtml1-transitional.dtd">
<html xmlns="http://www.w3.org/1999/xhtml" xml:lang="en" lang="en">
 <head>
  <title>
</title>
<meta http-equiv="Content-Type" content="text/html;charset=utf-8" />
  <meta name='ocr-system' content='tesseract 3.04.00' />
  <meta name='ocr-capabilities' content='ocr_page ocr_carea ocr_par ocr_line ocrx_word'/>
</head>
<body>
  <div class='ocr_page' id='page_1' title='image "./museiborgianive00bartgoog/museiborgianive00bartgoog_0236.png"; bbox 0 0 4299 5782; ppageno 0'>
   <div class='ocr_carea' id='block_1_1' title="bbox 775 293 3899 4800">
    <p class='ocr_par' dir='ltr' id='par_1_1' title="bbox 824 293 3899 2289">
     <span class='ocr_line' id='line_1_1' title="bbox 841 293 1010 375; baseline -0.006 0"><span class='ocrx_word' id='word_1_1' title='bbox 841 293 1010 375; x_wconf 83' lang='lat'>218</span> 
     </span>
     <span class='ocr_line' id='line_1_2' title="bbox 830 406 3826 530; baseline 0.002 -32"><span class='ocrx_word' id='word_1_2' title='bbox 830 416 1009 511; x_wconf 89' lang='lat' dir='ltr'>dit,</span> <span class='ocrx_word' id='word_1_3' title='bbox 1082 412 1164 496; x_wconf 90' lang='lat' dir='ltr'>in</span> <span class='ocrx_word' id='word_1_4' title='bbox 1229 406 1367 496; x_wconf 86' lang='lat' dir='ltr'>sna</span> <span class='ocrx_word' id='word_1_5' title='bbox 1424 434 1758 498; x_wconf 81' lang='lat' dir='ltr'>externa</span> <span class='ocrx_word' id='word_1_6' title='bbox 1810 410 2032 498; x_wconf 78' lang='lat' dir='ltr'>faeie·</span> <span class='ocrx_word' id='word_1_7' title='bbox 2092 407 2387 530; x_wconf 41' lang='lat' dir='ltr'>primo*</span> <span class='ocrx_word' id='word_1_8' title='bbox 2441 411 2729 502; x_wconf 76' lang='lat' dir='ltr'>ordine</span> <span class='ocrx_word' id='word_1_9' title='bbox 2801 408 3063 528; x_wconf 82' lang='lat' dir='ltr'>figura</span> <span class='ocrx_word' id='word_1_10' title='bbox 3151 416 3400 529; x_wconf 79' lang='lat' dir='ltr'>prima</span> <span class='ocrx_word' id='word_1_11' title='bbox 3484 416 3826 505; x_wconf 82' lang='lat' dir='ltr'>exhibet</span> 
     </span>
     <span class='ocr_line' id='line_1_3' title="bbox 831 536 3817 655; baseline 0.001 -30"><span class='ocrx_word' id='word_1_12' title='bbox 831 545 1075 625; x_wconf 89' lang='lat' dir='ltr'>deum</span> <span class='ocrx_word' id='word_1_13' title='bbox 1134 542 1431 624; x_wconf 83' lang='lat' dir='ltr'>Krsbna</span> <span class='ocrx_word' id='word_1_14' title='bbox 1491 536 1638 623; x_wconf 89' lang='lat' dir='ltr'>sub</span> <span class='ocrx_word' id='word_1_15' title='bbox 1701 542 1993 624; x_wconf 81' lang='lat' dir='ltr'>arbore</span> <span class='ocrx_word' id='word_1_16' title='bbox 2054 570 2474 655; x_wconf 88' lang='lat' dir='ltr'>repentem</span> <span class='ocrx_word' id='word_1_17' title='bbox 2511 604 2533 628; x_wconf 88' lang='lat'><strong>.</strong></span> <span class='ocrx_word' id='word_1_18' title='bbox 2597 549 2869 629; x_wconf 82' lang='lat' dir='ltr'>Facies</span> <span class='ocrx_word' id='word_1_19' title='bbox 2935 549 3011 626; x_wconf 80' lang='grc' dir='ltr'>δι</span> <span class='ocrx_word' id='word_1_20' title='bbox 3071 572 3364 655; x_wconf 88' lang='lat' dir='ltr'>corpus</span> <span class='ocrx_word' id='word_1_21' title='bbox 3426 549 3675 631; x_wconf 84' lang='lat' dir='ltr'>viride</span> <span class='ocrx_word' id='word_1_22' title='bbox 3705 543 3817 628; x_wconf 78' lang='lat' dir='ltr'>est</span> 
     </span>
     <span class='ocr_line' id='line_1_4' title="bbox 826 664 3899 783; baseline -0.001 -29"><span class='ocrx_word' id='word_1_23' title='bbox 826 667 1177 754; x_wconf 87' lang='lat' dir='ltr'>floribus</span> <span class='ocrx_word' id='word_1_24' title='bbox 1214 727 1242 767; x_wconf 83' lang='lat'>‚</span> <span class='ocrx_word' id='word_1_25' title='bbox 1307 664 1592 766; x_wconf 86' lang='lat' dir='ltr'>sertis,</span> <span class='ocrx_word' id='word_1_26' title='bbox 1656 665 1990 752; x_wconf 83' lang='lat' dir='ltr'>armillis</span> <span class='ocrx_word' id='word_1_27' title='bbox 2057 672 2591 759; x_wconf 80' lang='lat' dir='ltr'>adornatum.</span> <span class='ocrx_word' id='word_1_28' title='bbox 2659 673 2784 753; x_wconf 87' lang='lat' dir='ltr'>Ad</span> <span class='ocrx_word' id='word_1_29' title='bbox 2843 670 3049 753; x_wconf 82' lang='lat' dir='ltr'>latus</span> <span class='ocrx_word' id='word_1_30' title='bbox 3099 670 3477 754; x_wconf 76' lang='lat' dir='ltr'>sinistrum</span> <span class='ocrx_word' id='word_1_31' title='bbox 3516 698 3822 783; x_wconf 85' lang='lat' dir='ltr'>appen-</span> <span class='ocrx_word' id='word_1_32' title='bbox 3888 734 3899 740; x_wconf 90' lang='lat'>-</span> 
     </span>
     <span class='ocr_line' id='line_1_5' title="bbox 833 788 3820 910; baseline -0.001 -31"><span class='ocrx_word' id='word_1_33' title='bbox 833 792 992 879; x_wconf 87' lang='lat' dir='ltr'>sam</span> <span class='ocrx_word' id='word_1_34' title='bbox 1105 798 1317 905; x_wconf 85' lang='lat' dir='ltr'>gerit</span> <span class='ocrx_word' id='word_1_35' title='bbox 1378 788 1755 877; x_wconf 88' lang='lat' dir='ltr'>securrim</span> <span class='ocrx_word' id='word_1_36' title='bbox 1814 852 1840 892; x_wconf 84' lang='lat'>‚</span> <span class='ocrx_word' id='word_1_37' title='bbox 1936 823 2146 910; x_wconf 89' lang='lat' dir='ltr'>quae</span> <span class='ocrx_word' id='word_1_38' title='bbox 2231 803 2475 881; x_wconf 88' lang='lat' dir='ltr'>vitam</span> <span class='ocrx_word' id='word_1_39' title='bbox 2568 797 2914 882; x_wconf 77' lang='lat' dir='ltr'>Krsbnae</span> <span class='ocrx_word' id='word_1_40' title='bbox 2980 794 3386 879; x_wconf 74' lang='lat' dir='ltr'>silvestrem</span> <span class='ocrx_word' id='word_1_41' title='bbox 3452 825 3547 880; x_wconf 89' lang='lat' dir='ltr'>ac</span> <span class='ocrx_word' id='word_1_42' title='bbox 3606 800 3820 877; x_wconf 77' lang='lat' dir='ltr'>inter</span> 
     </span>
     <span class='ocr_line' id='line_1_6' title="bbox 825 910 3818 1036; baseline -0.002 -30"><span class='ocrx_word' id='word_1_43' title='bbox 825 919 1080 1006; x_wconf 87' lang='lat' dir='ltr'>flores</span> <span class='ocrx_word' id='word_1_44' title='bbox 1140 923 1494 1004; x_wconf 60' lang='lat' dir='ltr'>exastam</span> <span class='ocrx_word' id='word_1_45' title='bbox 1552 910 1971 1003; x_wconf 60' lang='lat' dir='ltr'>indicantss</span> <span class='ocrx_word' id='word_1_46' title='bbox 2040 922 2312 1007; x_wconf 89' lang='lat' dir='ltr'>Adstat</span> <span class='ocrx_word' id='word_1_47' title='bbox 2378 951 2425 1006; x_wconf 86' lang='lat' dir='ltr'>a</span> <span class='ocrx_word' id='word_1_48' title='bbox 2464 948 2723 1036; x_wconf 39' lang='lat' dir='ltr'>‚tergo</span> <span class='ocrx_word' id='word_1_49' title='bbox 2797 923 3082 1004; x_wconf 86' lang='lat' dir='ltr'>mulier</span> <span class='ocrx_word' id='word_1_50' title='bbox 3148 919 3484 1026; x_wconf 82' lang='lat' dir='ltr'>funem,</span> <span class='ocrx_word' id='word_1_51' title='bbox 3543 947 3629 1004; x_wconf 87' lang='lat' dir='ltr'>ut</span> <span class='ocrx_word' id='word_1_52' title='bbox 3691 924 3818 1002; x_wconf 85' lang='lat' dir='ltr'>vi-</span> 
     </span>
     <span class='ocr_line' id='line_1_7' title="bbox 831 1044 3812 1163; baseline -0.002 -30"><span class='ocrx_word' id='word_1_53' title='bbox 831 1050 1102 1147; x_wconf 86' lang='lat' dir='ltr'>detur,</span> <span class='ocrx_word' id='word_1_54' title='bbox 1127 1045 1496 1128; x_wconf 85' lang='lat' dir='ltr'>manibus</span> <span class='ocrx_word' id='word_1_55' title='bbox 1559 1045 1889 1133; x_wconf 86' lang='lat' dir='ltr'>trahens</span> <span class='ocrx_word' id='word_1_56' title='bbox 1925 1107 1950 1146; x_wconf 86' lang='lat'>‚</span> <span class='ocrx_word' id='word_1_57' title='bbox 2012 1074 2154 1132; x_wconf 90' lang='lat' dir='ltr'>aut</span> <span class='ocrx_word' id='word_1_58' title='bbox 2207 1075 2497 1163; x_wconf 88' lang='lat' dir='ltr'>aquam</span> <span class='ocrx_word' id='word_1_59' title='bbox 2568 1048 2791 1133; x_wconf 85' lang='lat' dir='ltr'>fitula</span> <span class='ocrx_word' id='word_1_60' title='bbox 2849 1075 2949 1131; x_wconf 78' lang='lat' dir='ltr'>ex</span> <span class='ocrx_word' id='word_1_61' title='bbox 3000 1044 3271 1158; x_wconf 86' lang='lat' dir='ltr'>stagno</span> <span class='ocrx_word' id='word_1_62' title='bbox 3357 1044 3729 1128; x_wconf 82' lang='lat' dir='ltr'>hauriens</span> <span class='ocrx_word' id='word_1_63' title='bbox 3786 1098 3812 1127; x_wconf 87' lang='lat'>.</span> 
     </span>
     <span class='ocr_line' id='line_1_8' title="bbox 832 1161 3816 1288; baseline -0.002 -33"><span class='ocrx_word' id='word_1_64' title='bbox 832 1177 928 1256; x_wconf 83' lang='lat' dir='ltr'>In</span> <span class='ocrx_word' id='word_1_65' title='bbox 989 1177 1274 1257; x_wconf 86' lang='lat' dir='ltr'>arbore</span> <span class='ocrx_word' id='word_1_66' title='bbox 1323 1175 1667 1284; x_wconf 84' lang='lat' dir='ltr'>exiguus</span> <span class='ocrx_word' id='word_1_67' title='bbox 1719 1198 2003 1255; x_wconf 87' lang='lat' dir='ltr'>curtus</span> <span class='ocrx_word' id='word_1_68' title='bbox 2037 1235 2061 1272; x_wconf 77' lang='lat'>,</span> <span class='ocrx_word' id='word_1_69' title='bbox 2127 1202 2293 1288; x_wconf 87' lang='lat' dir='ltr'>quo</span> <span class='ocrx_word' id='word_1_70' title='bbox 2334 1171 2577 1255; x_wconf 69' lang='lat' dir='ltr'>‘idola</span> <span class='ocrx_word' id='word_1_71' title='bbox 2645 1161 2825 1257; x_wconf 77' lang='lat' dir='ltr'>vehi</span> <span class='ocrx_word' id='word_1_72' title='bbox 2896 1169 3157 1254; x_wconf 86' lang='lat' dir='ltr'>solent</span> <span class='ocrx_word' id='word_1_73' title='bbox 3197 1231 3221 1268; x_wconf 86' lang='lat'>‚</span> <span class='ocrx_word' id='word_1_74' title='bbox 3285 1174 3539 1285; x_wconf 60' lang='lat' dir='ltr'>pietus</span> <span class='ocrx_word' id='word_1_75' title='bbox 3593 1169 3816 1253; x_wconf 83' lang='lat' dir='ltr'>exhi·</span> 
     </span>
     <span class='ocr_line' id='line_1_9' title="bbox 833 1294 3815 1412; baseline -0.001 -30"><span class='ocrx_word' id='word_1_76' title='bbox 833 1300 1075 1382; x_wconf 87' lang='lat' dir='ltr'>betur</span> <span class='ocrx_word' id='word_1_77' title='bbox 1134 1364 1153 1384; x_wconf 91' lang='lat'><strong>.</strong></span> <span class='ocrx_word' id='word_1_78' title='bbox 1218 1301 1591 1396; x_wconf 50' lang='lat' dir='ltr'>Secunda</span> <span class='ocrx_word' id='word_1_79' title='bbox 1656 1295 1915 1409; x_wconf 82' lang='lat' dir='ltr'>figura</span> <span class='ocrx_word' id='word_1_80' title='bbox 1974 1296 2518 1412; x_wconf 80' lang='lat' dir='ltr'>repraesentat</span> <span class='ocrx_word' id='word_1_81' title='bbox 2610 1299 3030 1382; x_wconf 79' lang='lat' dir='ltr'>mulierem</span> <span class='ocrx_word' id='word_1_82' title='bbox 3134 1323 3459 1409; x_wconf 86' lang='lat' dir='ltr'>magam</span> <span class='ocrx_word' id='word_1_83' title='bbox 3552 1294 3815 1378; x_wconf 74' lang='lat' dir='ltr'>horri-</span> 
     </span>
     <span class='ocr_line' id='line_1_10' title="bbox 824 1420 3815 1538; baseline -0.002 -29"><span class='ocrx_word' id='word_1_84' title='bbox 824 1426 1008 1509; x_wconf 87' lang='lat' dir='ltr'>dam</span> <span class='ocrx_word' id='word_1_85' title='bbox 1076 1428 1405 1507; x_wconf 87' lang='lat' dir='ltr'>nomine</span> <span class='ocrx_word' id='word_1_86' title='bbox 1468 1430 1766 1522; x_wconf 72' lang='lat' dir='ltr'>patna,</span> <span class='ocrx_word' id='word_1_87' title='bbox 1831 1434 1959 1511; x_wconf 91' lang='lat' dir='ltr'>cui</span> <span class='ocrx_word' id='word_1_88' title='bbox 2033 1427 2234 1508; x_wconf 90' lang='lat' dir='ltr'>deus</span> <span class='ocrx_word' id='word_1_89' title='bbox 2293 1425 2582 1509; x_wconf 82' lang='lat' dir='ltr'>Krshna</span> <span class='ocrx_word' id='word_1_90' title='bbox 2643 1452 2843 1538; x_wconf 84' lang='lat' dir='ltr'>puer</span> <span class='ocrx_word' id='word_1_91' title='bbox 2898 1424 3339 1506; x_wconf 79' lang='lat' dir='ltr'>extraditus</span> <span class='ocrx_word' id='word_1_92' title='bbox 3406 1421 3567 1505; x_wconf 87' lang='lat' dir='ltr'>fuit</span> <span class='ocrx_word' id='word_1_93' title='bbox 3617 1420 3815 1503; x_wconf 84' lang='lat' dir='ltr'>dolo</span> 
     </span>
     <span class='ocr_line' id='line_1_11' title="bbox 828 1546 3813 1672; baseline -0.001 -38"><span class='ocrx_word' id='word_1_94' title='bbox 828 1553 1047 1672; x_wconf 83' lang='lat' dir='ltr'>tegis</span> <span class='ocrx_word' id='word_1_95' title='bbox 1117 1553 1469 1662; x_wconf 82' lang='lat' dir='ltr'>gigantis</span> <span class='ocrx_word' id='word_1_96' title='bbox 1526 1548 1858 1655; x_wconf 66' lang='lat' dir='ltr'>Ramsta,</span> <span class='ocrx_word' id='word_1_97' title='bbox 1927 1576 2014 1635; x_wconf 88' lang='lat' dir='ltr'>ut</span> <span class='ocrx_word' id='word_1_98' title='bbox 2083 1551 2282 1633; x_wconf 61' lang='lat' dir='ltr'>laete</span> <span class='ocrx_word' id='word_1_99' title='bbox 2331 1548 2472 1632; x_wconf 86' lang='lat' dir='ltr'>suo</span> <span class='ocrx_word' id='word_1_100' title='bbox 2516 1546 2926 1638; x_wconf 84' lang='lat' dir='ltr'>venenoso</span> <span class='ocrx_word' id='word_1_101' title='bbox 2984 1575 3320 1657; x_wconf 88' lang='lat' dir='ltr'>puerum</span> <span class='ocrx_word' id='word_1_102' title='bbox 3389 1548 3632 1630; x_wconf 88' lang='lat' dir='ltr'>deum</span> <span class='ocrx_word' id='word_1_103' title='bbox 3674 1574 3813 1631; x_wconf 90' lang='lat' dir='ltr'>oc-</span> 
     </span>
     <span class='ocr_line' id='line_1_12' title="bbox 832 1669 3815 1787; baseline -0.002 -27"><span class='ocrx_word' id='word_1_104' title='bbox 832 1679 1193 1773; x_wconf 90' lang='lat' dir='ltr'>cideret,</span> <span class='ocrx_word' id='word_1_105' title='bbox 1263 1674 1454 1757; x_wconf 90' lang='lat' dir='ltr'>dum</span> <span class='ocrx_word' id='word_1_106' title='bbox 1520 1677 1693 1759; x_wconf 86' lang='lat' dir='ltr'>eius</span> <span class='ocrx_word' id='word_1_107' title='bbox 1729 1688 2103 1759; x_wconf 81' lang='lat' dir='ltr'>mammas</span> <span class='ocrx_word' id='word_1_108' title='bbox 2141 1670 2503 1787; x_wconf 86' lang='lat' dir='ltr'>sugeret.</span> <span class='ocrx_word' id='word_1_109' title='bbox 2574 1669 2685 1758; x_wconf 91' lang='lat' dir='ltr'>At</span> <span class='ocrx_word' id='word_1_110' title='bbox 2754 1673 2883 1756; x_wconf 85' lang='lat' dir='ltr'>hic</span> <span class='ocrx_word' id='word_1_111' title='bbox 2965 1678 3165 1754; x_wconf 87' lang='lat' dir='ltr'>dens</span> <span class='ocrx_word' id='word_1_112' title='bbox 3244 1697 3574 1784; x_wconf 88' lang='lat' dir='ltr'>argutus</span> <span class='ocrx_word' id='word_1_113' title='bbox 3638 1728 3665 1768; x_wconf 86' lang='lat'>‚</span> <span class='ocrx_word' id='word_1_114' title='bbox 3729 1676 3815 1755; x_wconf 74' lang='grc' dir='ltr'>δε</span> 
     </span>
     <span class='ocr_line' id='line_1_13' title="bbox 827 1794 3814 1916; baseline -0.001 -32"><span class='ocrx_word' id='word_1_115' title='bbox 827 1802 1183 1916; x_wconf 86' lang='lat' dir='ltr'>prudens</span> <span class='ocrx_word' id='word_1_116' title='bbox 1224 1826 1644 1884; x_wconf 82' lang='lat' dir='ltr'>mammam</span> <span class='ocrx_word' id='word_1_117' title='bbox 1681 1801 2140 1898; x_wconf 76' lang='lat' dir='ltr'>momordit,</span> <span class='ocrx_word' id='word_1_118' title='bbox 2175 1799 2299 1883; x_wconf 85' lang='lat' dir='ltr'>lac</span> <span class='ocrx_word' id='word_1_119' title='bbox 2359 1798 2814 1912; x_wconf 87' lang='lat' dir='ltr'>pestiferum</span> <span class='ocrx_word' id='word_1_120' title='bbox 2875 1794 3188 1908; x_wconf 81' lang='lat' dir='ltr'>exspuit</span> <span class='ocrx_word' id='word_1_121' title='bbox 3254 1858 3279 1897; x_wconf 88' lang='lat'>,</span> <span class='ocrx_word' id='word_1_122' title='bbox 3334 1821 3581 1908; x_wconf 88' lang='lat' dir='ltr'>atque</span> <span class='ocrx_word' id='word_1_123' title='bbox 3644 1823 3814 1881; x_wconf 88' lang='lat' dir='ltr'>ma-</span> 
     </span>
     <span class='ocr_line' id='line_1_14' title="bbox 830 1922 3808 2039; baseline -0.002 -29"><span class='ocrx_word' id='word_1_124' title='bbox 830 1954 1018 2039; x_wconf 84' lang='lat' dir='ltr'>gam</span> <span class='ocrx_word' id='word_1_125' title='bbox 1077 1929 1286 2010; x_wconf 90' lang='lat' dir='ltr'>illam</span> <span class='ocrx_word' id='word_1_126' title='bbox 1351 1924 1766 2012; x_wconf 80' lang='lat' dir='ltr'>interfecit</span> <span class='ocrx_word' id='word_1_127' title='bbox 1806 1988 1826 2008; x_wconf 93' lang='lat'><strong>.</strong></span> <span class='ocrx_word' id='word_1_128' title='bbox 1903 1926 2214 2010; x_wconf 68' lang='lat' dir='ltr'>Exinde</span> <span class='ocrx_word' id='word_1_129' title='bbox 2267 1926 2470 2008; x_wconf 87' lang='lat' dir='ltr'>deus</span> <span class='ocrx_word' id='word_1_130' title='bbox 2528 1928 2658 2010; x_wconf 84' lang='lat' dir='ltr'>ille</span> <span class='ocrx_word' id='word_1_131' title='bbox 2715 1925 3116 2035; x_wconf 73' lang='lat' dir='ltr'>Giagiodae</span> <span class='ocrx_word' id='word_1_132' title='bbox 3205 1922 3520 2006; x_wconf 84' lang='lat' dir='ltr'>mulieri</span> <span class='ocrx_word' id='word_1_133' title='bbox 3608 1923 3808 2005; x_wconf 85' lang='lat' dir='ltr'>edu·</span> 
     </span>
     <span class='ocr_line' id='line_1_15' title="bbox 832 2044 3808 2168; baseline -0.001 -32"><span class='ocrx_word' id='word_1_134' title='bbox 832 2053 1136 2137; x_wconf 88' lang='lat' dir='ltr'>candus</span> <span class='ocrx_word' id='word_1_135' title='bbox 1197 2051 1534 2144; x_wconf 83' lang='lat' dir='ltr'>traditus</span> <span class='ocrx_word' id='word_1_136' title='bbox 1591 2050 1803 2151; x_wconf 82' lang='lat' dir='ltr'>fuit,</span> <span class='ocrx_word' id='word_1_137' title='bbox 1869 2081 2078 2168; x_wconf 88' lang='lat' dir='ltr'>quae</span> <span class='ocrx_word' id='word_1_138' title='bbox 2140 2078 2244 2135; x_wconf 77' lang='lat' dir='ltr'>ex</span> <span class='ocrx_word' id='word_1_139' title='bbox 2309 2076 2535 2164; x_wconf 84' lang='lat' dir='ltr'>parte</span> <span class='ocrx_word' id='word_1_140' title='bbox 2589 2045 2905 2136; x_wconf 83' lang='lat' dir='ltr'>adversa</span> <span class='ocrx_word' id='word_1_141' title='bbox 2943 2048 3160 2132; x_wconf 89' lang='lat' dir='ltr'>hunc</span> <span class='ocrx_word' id='word_1_142' title='bbox 3197 2075 3535 2161; x_wconf 85' lang='lat' dir='ltr'>puerum</span> <span class='ocrx_word' id='word_1_143' title='bbox 3561 2044 3808 2132; x_wconf 82' lang='lat' dir='ltr'>deum</span> 
     </span>
     <span class='ocr_line' id='line_1_16' title="bbox 828 2173 1915 2289; baseline -0.001 -28"><span class='ocrx_word' id='word_1_144' title='bbox 828 2173 1000 2261; x_wconf 84' lang='lat' dir='ltr'>finu</span> <span class='ocrx_word' id='word_1_145' title='bbox 1073 2173 1374 2289; x_wconf 85' lang='lat' dir='ltr'>gestans</span> <span class='ocrx_word' id='word_1_146' title='bbox 1433 2174 1915 2264; x_wconf 83' lang='lat' dir='ltr'>exhibetur.</span> 
     </span>
    </p>

    <p class='ocr_par' dir='ltr' id='par_1_2' title="bbox 775 2299 3815 3925">
     <span class='ocr_line' id='line_1_17' title="bbox 1079 2299 3815 2419; baseline 0.002 -39"><span class='ocrx_word' id='word_1_147' title='bbox 1079 2299 1457 2387; x_wconf 87' lang='lat' dir='ltr'>Secundo</span> <span class='ocrx_word' id='word_1_148' title='bbox 1513 2302 1797 2387; x_wconf 84' lang='lat' dir='ltr'>ordine</span> <span class='ocrx_word' id='word_1_149' title='bbox 1860 2305 2296 2391; x_wconf 78' lang='lat' dir='ltr'>exhibetur</span> <span class='ocrx_word' id='word_1_150' title='bbox 2346 2300 2603 2419; x_wconf 82' lang='lat' dir='ltr'>figura</span> <span class='ocrx_word' id='word_1_151' title='bbox 2659 2308 2908 2419; x_wconf 84' lang='lat' dir='ltr'>prima</span> <span class='ocrx_word' id='word_1_152' title='bbox 2976 2303 3175 2388; x_wconf 88' lang='lat' dir='ltr'>deus</span> <span class='ocrx_word' id='word_1_153' title='bbox 3252 2301 3524 2386; x_wconf 79' lang='lat' dir='ltr'>Visbnu</span> <span class='ocrx_word' id='word_1_154' title='bbox 3584 2302 3815 2415; x_wconf 78' lang='lat' dir='ltr'>quie-</span> 
     </span>
     <span class='ocr_line' id='line_1_18' title="bbox 824 2421 3811 2576; baseline 0 -66"><span class='ocrx_word' id='word_1_155' title='bbox 824 2421 1117 2526; x_wconf 78' lang='lat' dir='ltr'>scens,</span> <span class='ocrx_word' id='word_1_156' title='bbox 1184 2428 1314 2510; x_wconf 86' lang='lat' dir='ltr'>cui</span> <span class='ocrx_word' id='word_1_157' title='bbox 1367 2421 1577 2511; x_wconf 85' lang='lat' dir='ltr'>infra</span> <span class='ocrx_word' id='word_1_158' title='bbox 1643 2431 2002 2541; x_wconf 65' lang='lat' dir='ltr'>appitstus</span> <span class='ocrx_word' id='word_1_159' title='bbox 2090 2430 2198 2514; x_wconf 85' lang='lat' dir='ltr'>est</span> <span class='ocrx_word' id='word_1_160' title='bbox 2265 2431 2510 2512; x_wconf 87' lang='lat' dir='ltr'>Indus</span> <span class='ocrx_word' id='word_1_161' title='bbox 2576 2433 2902 2576; x_wconf 81' lang='lat' dir='ltr'>quidam</span> <span class='ocrx_word' id='word_1_162' title='bbox 2975 2433 3058 2512; x_wconf 89' lang='lat' dir='ltr'>in</span> <span class='ocrx_word' id='word_1_163' title='bbox 3154 2454 3391 2511; x_wconf 86' lang='lat' dir='ltr'>curru</span> <span class='ocrx_word' id='word_1_164' title='bbox 3465 2449 3811 2538; x_wconf 85' lang='lat' dir='ltr'>corpore</span> 
     </span>
     <span class='ocr_line' id='line_1_19' title="bbox 829 2546 3810 2672; baseline 0.001 -38"><span class='ocrx_word' id='word_1_165' title='bbox 829 2546 1117 2664; x_wconf 88' lang='lat' dir='ltr'>supino</span> <span class='ocrx_word' id='word_1_166' title='bbox 1163 2556 1239 2635; x_wconf 76' lang='grc' dir='ltr'>δε</span> <span class='ocrx_word' id='word_1_167' title='bbox 1297 2553 1559 2664; x_wconf 87' lang='lat' dir='ltr'>capite</span> <span class='ocrx_word' id='word_1_168' title='bbox 1620 2577 1725 2639; x_wconf 84' lang='lat' dir='ltr'>ex</span> <span class='ocrx_word' id='word_1_169' title='bbox 1784 2582 2021 2648; x_wconf 84' lang='lat' dir='ltr'>curru</span> <span class='ocrx_word' id='word_1_170' title='bbox 2085 2555 2562 2668; x_wconf 81' lang='lat' dir='ltr'>pendente,</span> <span class='ocrx_word' id='word_1_171' title='bbox 2622 2560 2763 2672; x_wconf 90' lang='lat' dir='ltr'>qui</span> <span class='ocrx_word' id='word_1_172' title='bbox 2818 2579 2960 2638; x_wconf 87' lang='lat' dir='ltr'>ant</span> <span class='ocrx_word' id='word_1_173' title='bbox 3003 2556 3553 2666; x_wconf 79' lang='lat' dir='ltr'>poenitentiae</span> <span class='ocrx_word' id='word_1_174' title='bbox 3599 2577 3810 2663; x_wconf 85' lang='lat' dir='ltr'>opus</span> 
     </span>
     <span class='ocr_line' id='line_1_20' title="bbox 819 2674 3807 2796; baseline 0 -37"><span class='ocrx_word' id='word_1_175' title='bbox 819 2675 987 2759; x_wconf 91' lang='lat' dir='ltr'>deo</span> <span class='ocrx_word' id='word_1_176' title='bbox 1060 2680 1330 2762; x_wconf 84' lang='lat' dir='ltr'><em>Vlshnu</em></span> <span class='ocrx_word' id='word_1_177' title='bbox 1385 2677 1802 2781; x_wconf 87' lang='lat' dir='ltr'>oblatum,</span> <span class='ocrx_word' id='word_1_178' title='bbox 1869 2707 2011 2767; x_wconf 90' lang='lat' dir='ltr'>aut</span> <span class='ocrx_word' id='word_1_179' title='bbox 2059 2677 2533 2767; x_wconf 85' lang='lat' dir='ltr'>sacrificium</span> <span class='ocrx_word' id='word_1_180' title='bbox 2599 2681 2928 2796; x_wconf 82' lang='lat' dir='ltr'>aliquod</span> <span class='ocrx_word' id='word_1_181' title='bbox 2983 2675 3099 2761; x_wconf 90' lang='lat' dir='ltr'>sui</span> <span class='ocrx_word' id='word_1_182' title='bbox 3162 2682 3519 2790; x_wconf 84' lang='lat' dir='ltr'>corporis</span> <span class='ocrx_word' id='word_1_183' title='bbox 3577 2674 3807 2760; x_wconf 81' lang='lat' dir='ltr'>exhi·</span> 
     </span>
     <span class='ocr_line' id='line_1_21' title="bbox 827 2800 3801 2947; baseline 0.001 -64"><span class='ocrx_word' id='word_1_184' title='bbox 827 2800 1025 2887; x_wconf 87' lang='lat' dir='ltr'>bete</span> <span class='ocrx_word' id='word_1_185' title='bbox 1069 2805 1438 2888; x_wconf 84' lang='lat' dir='ltr'>videtur.</span> <span class='ocrx_word' id='word_1_186' title='bbox 1503 2806 1878 2891; x_wconf 81' lang='lat' dir='ltr'>Secunda</span> <span class='ocrx_word' id='word_1_187' title='bbox 1921 2805 2181 2922; x_wconf 82' lang='lat' dir='ltr'>figura</span> <span class='ocrx_word' id='word_1_188' title='bbox 2233 2806 2688 2922; x_wconf 82' lang='lat' dir='ltr'>amplissima</span> <span class='ocrx_word' id='word_1_189' title='bbox 2745 2800 3286 2947; x_wconf 79' lang='lat' dir='ltr'>repraesentat</span> <span class='ocrx_word' id='word_1_190' title='bbox 3349 2804 3597 2886; x_wconf 80' lang='lat' dir='ltr'>deum</span> <span class='ocrx_word' id='word_1_191' title='bbox 3656 2804 3801 2887; x_wconf 82' lang='lat' dir='ltr'>vi-</span> 
     </span>
     <span class='ocr_line' id='line_1_22' title="bbox 817 2925 3811 3047; baseline 0.002 -39"><span class='ocrx_word' id='word_1_192' title='bbox 817 2925 1030 3013; x_wconf 87' lang='lat' dir='ltr'>shnn</span> <span class='ocrx_word' id='word_1_193' title='bbox 1095 2930 1177 3013; x_wconf 90' lang='lat' dir='ltr'>in</span> <span class='ocrx_word' id='word_1_194' title='bbox 1247 2927 1617 3042; x_wconf 82' lang='lat' dir='ltr'>serpente</span> <span class='ocrx_word' id='word_1_195' title='bbox 1670 2937 2489 3033; x_wconf 84' lang='lat' dir='ltr'>Anandaiacentem‚</span> <span class='ocrx_word' id='word_1_196' title='bbox 2546 2934 2650 3015; x_wconf 90' lang='lat' dir='ltr'>de</span> <span class='ocrx_word' id='word_1_197' title='bbox 2685 2958 2855 3047; x_wconf 86' lang='lat' dir='ltr'>quo</span> <span class='ocrx_word' id='word_1_198' title='bbox 2883 2928 3112 3039; x_wconf 85' lang='lat' dir='ltr'>supra</span> <span class='ocrx_word' id='word_1_199' title='bbox 3142 2934 3519 3042; x_wconf 82' lang='lat' dir='ltr'>egimus.</span> <span class='ocrx_word' id='word_1_200' title='bbox 3578 2931 3811 3014; x_wconf 84' lang='lat' dir='ltr'>Laek</span> 
     </span>
     <span class='ocr_line' id='line_1_23' title="bbox 813 3049 3805 3174; baseline 0.002 -40.006"><span class='ocrx_word' id='word_1_201' title='bbox 813 3052 1012 3135; x_wconf 82' lang='lat' dir='ltr'>-shmi</span> <span class='ocrx_word' id='word_1_202' title='bbox 1063 3054 1214 3138; x_wconf 88' lang='lat' dir='ltr'>dea</span> <span class='ocrx_word' id='word_1_203' title='bbox 1285 3060 1459 3140; x_wconf 90' lang='lat' dir='ltr'>eius</span> <span class='ocrx_word' id='word_1_204' title='bbox 1512 3081 1712 3139; x_wconf 83' lang='lat' dir='ltr'>uxot</span> <span class='ocrx_word' id='word_1_205' title='bbox 1772 3059 1904 3142; x_wconf 86' lang='lat' dir='ltr'>dei</span> <span class='ocrx_word' id='word_1_206' title='bbox 1942 3058 2188 3174; x_wconf 72' lang='lat' dir='ltr'>pedes</span> <span class='ocrx_word' id='word_1_207' title='bbox 2238 3056 2615 3145; x_wconf 83' lang='lat' dir='ltr'>sustentat</span> <span class='ocrx_word' id='word_1_208' title='bbox 2663 3084 2754 3142; x_wconf 91' lang='lat' dir='ltr'>et</span> <span class='ocrx_word' id='word_1_209' title='bbox 2812 3055 3253 3171; x_wconf 68' lang='lat' dir='ltr'>persi-icat,</span> <span class='ocrx_word' id='word_1_210' title='bbox 3311 3079 3396 3139; x_wconf 88' lang='lat' dir='ltr'>et</span> <span class='ocrx_word' id='word_1_211' title='bbox 3454 3049 3742 3165; x_wconf 84' lang='lat' dir='ltr'>supra</span> <span class='ocrx_word' id='word_1_212' title='bbox 3717 3081 3805 3140; x_wconf 85' lang='lat' dir='ltr'>tn</span> 
     </span>
     <span class='ocr_line' id='line_1_24' title="bbox 813 3174 3801 3298; baseline 0.001 -36"><span class='ocrx_word' id='word_1_213' title='bbox 813 3179 961 3262; x_wconf 83' lang='lat' dir='ltr'>loto</span> <span class='ocrx_word' id='word_1_214' title='bbox 1018 3174 1237 3262; x_wconf 91' lang='lat' dir='ltr'>sedet</span> <span class='ocrx_word' id='word_1_215' title='bbox 1284 3181 1483 3266; x_wconf 86' lang='lat' dir='ltr'>deus</span> <span class='ocrx_word' id='word_1_216' title='bbox 1553 3184 1879 3267; x_wconf 83' lang='lat' dir='ltr'>Brabma</span> <span class='ocrx_word' id='word_1_217' title='bbox 1944 3216 2026 3293; x_wconf 79' lang='lat'>4</span> <span class='ocrx_word' id='word_1_218' title='bbox 2087 3187 2445 3298; x_wconf 85' lang='lat' dir='ltr'>capitum</span> <span class='ocrx_word' id='word_1_219' title='bbox 2504 3243 2528 3282; x_wconf 86' lang='lat'>‚</span> <span class='ocrx_word' id='word_1_220' title='bbox 2614 3209 2963 3297; x_wconf 86' lang='lat' dir='ltr'>quorum</span> <span class='ocrx_word' id='word_1_221' title='bbox 3056 3181 3253 3264; x_wconf 88' lang='lat' dir='ltr'>illud</span> <span class='ocrx_word' id='word_1_222' title='bbox 3306 3208 3683 3293; x_wconf 86' lang='lat' dir='ltr'>quartum</span> <span class='ocrx_word' id='word_1_223' title='bbox 3752 3205 3801 3264; x_wconf 80' lang='lat' dir='ltr'>a</span> 
     </span>
     <span class='ocr_line' id='line_1_25' title="bbox 775 3298 3796 3419; baseline 0 -33"><span class='ocrx_word' id='word_1_224' title='bbox 775 3326 1055 3415; x_wconf 56' lang='lat' dir='ltr'>4tergo</span> <span class='ocrx_word' id='word_1_225' title='bbox 1122 3303 1491 3391; x_wconf 73' lang='lat' dir='ltr'>exsistens</span> <span class='ocrx_word' id='word_1_226' title='bbox 1542 3307 1932 3393; x_wconf 76' lang='lat' dir='ltr'>invisibile</span> <span class='ocrx_word' id='word_1_227' title='bbox 1975 3310 2137 3396; x_wconf 89' lang='lat' dir='ltr'>est.</span> <span class='ocrx_word' id='word_1_228' title='bbox 2205 3310 2486 3393; x_wconf 85' lang='lat' dir='ltr'>Tertia</span> <span class='ocrx_word' id='word_1_229' title='bbox 2548 3303 2806 3419; x_wconf 84' lang='lat' dir='ltr'>figura</span> <span class='ocrx_word' id='word_1_230' title='bbox 2866 3298 2983 3390; x_wconf 88' lang='lat' dir='ltr'>est</span> <span class='ocrx_word' id='word_1_231' title='bbox 3019 3306 3499 3390; x_wconf 66' lang='lat' dir='ltr'>deiRrshnae</span> <span class='ocrx_word' id='word_1_232' title='bbox 3562 3307 3796 3418; x_wconf 88' lang='lat' dir='ltr'>pueri</span> 
     </span>
     <span class='ocr_line' id='line_1_26' title="bbox 813 3426 3797 3546; baseline 0.001 -35"><span class='ocrx_word' id='word_1_233' title='bbox 813 3434 1000 3511; x_wconf 83' lang='lat' dir='ltr'>cum</span> <span class='ocrx_word' id='word_1_234' title='bbox 1051 3431 1206 3512; x_wconf 87' lang='lat' dir='ltr'>alio</span> <span class='ocrx_word' id='word_1_235' title='bbox 1250 3428 1504 3542; x_wconf 83' lang='lat' dir='ltr'>puero</span> <span class='ocrx_word' id='word_1_236' title='bbox 1572 3428 1965 3523; x_wconf 84' lang='lat' dir='ltr'>certantis</span> <span class='ocrx_word' id='word_1_237' title='bbox 2030 3493 2053 3515; x_wconf 92' lang='lat'><strong>.</strong></span> <span class='ocrx_word' id='word_1_238' title='bbox 2154 3431 2373 3517; x_wconf 83' lang='lat' dir='ltr'>Infra</span> <span class='ocrx_word' id='word_1_239' title='bbox 2456 3432 2598 3517; x_wconf 88' lang='lat' dir='ltr'>has</span> <span class='ocrx_word' id='word_1_240' title='bbox 2664 3461 2766 3517; x_wconf 82' lang='lat' dir='ltr'>ex</span> <span class='ocrx_word' id='word_1_241' title='bbox 2825 3457 2980 3516; x_wconf 86' lang='lat' dir='ltr'>una</span> <span class='ocrx_word' id='word_1_242' title='bbox 3042 3426 3267 3546; x_wconf 81' lang='lat' dir='ltr'>parte</span> <span class='ocrx_word' id='word_1_243' title='bbox 3320 3434 3535 3514; x_wconf 89' lang='lat' dir='ltr'>idem</span> <span class='ocrx_word' id='word_1_244' title='bbox 3591 3433 3797 3516; x_wconf 86' lang='lat' dir='ltr'>deus</span> 
     </span>
     <span class='ocr_line' id='line_1_27' title="bbox 808 3551 3791 3669; baseline -0.001 -34"><span class='ocrx_word' id='word_1_245' title='bbox 808 3551 1455 3664; x_wconf 76' lang='lat' dir='ltr'>repraesentatur</span> <span class='ocrx_word' id='word_1_246' title='bbox 1514 3554 2101 3645; x_wconf 69' lang='lat' dir='ltr'>m&#39;anibus&#39;suis&#39;</span> <span class='ocrx_word' id='word_1_247' title='bbox 2142 3558 2661 3669; x_wconf 82' lang='lat' dir='ltr'>elephantem</span> <span class='ocrx_word' id='word_1_248' title='bbox 2730 3558 3128 3657; x_wconf 85' lang='lat' dir='ltr'>domans,</span> <span class='ocrx_word' id='word_1_249' title='bbox 3191 3582 3285 3638; x_wconf 88' lang='lat' dir='ltr'>ac</span> <span class='ocrx_word' id='word_1_250' title='bbox 3342 3584 3791 3641; x_wconf 77' lang='lat' dir='ltr'>coercens.</span> 
     </span>
     <span class='ocr_line' id='line_1_28' title="bbox 805 3677 3797 3796; baseline 0.001 -35"><span class='ocrx_word' id='word_1_251' title='bbox 805 3677 929 3762; x_wconf 84' lang='lat' dir='ltr'>Ex</span> <span class='ocrx_word' id='word_1_252' title='bbox 990 3681 1139 3762; x_wconf 87' lang='lat' dir='ltr'>alia</span> <span class='ocrx_word' id='word_1_253' title='bbox 1204 3708 1428 3791; x_wconf 84' lang='lat' dir='ltr'>parte</span> <span class='ocrx_word' id='word_1_254' title='bbox 1489 3684 1929 3767; x_wconf 82' lang='lat' dir='ltr'>exhibetur</span> <span class='ocrx_word' id='word_1_255' title='bbox 2007 3680 2376 3766; x_wconf 86' lang='lat' dir='ltr'>eiusdem</span> <span class='ocrx_word' id='word_1_256' title='bbox 2455 3684 2587 3768; x_wconf 89' lang='lat' dir='ltr'>dei</span> <span class='ocrx_word' id='word_1_257' title='bbox 2667 3709 2943 3796; x_wconf 84' lang='lat' dir='ltr'>pugna</span> <span class='ocrx_word' id='word_1_258' title='bbox 3033 3708 3216 3765; x_wconf 86' lang='lat' dir='ltr'>cum</span> <span class='ocrx_word' id='word_1_259' title='bbox 3286 3686 3562 3796; x_wconf 87' lang='lat' dir='ltr'>aliquo</span> <span class='ocrx_word' id='word_1_260' title='bbox 3622 3684 3797 3765; x_wconf 87' lang='lat' dir='ltr'>ani·-</span> 
     </span>
     <span class='ocr_line' id='line_1_29' title="bbox 805 3804 3669 3925; baseline 0 -39"><span class='ocrx_word' id='word_1_261' title='bbox 805 3804 1061 3906; x_wconf 82' lang='lat' dir='ltr'>mali,</span> <span class='ocrx_word' id='word_1_262' title='bbox 1133 3809 1358 3920; x_wconf 89' lang='lat' dir='ltr'>quod</span> <span class='ocrx_word' id='word_1_263' title='bbox 1416 3834 1577 3925; x_wconf 77' lang='lat' dir='ltr'>non</span> <span class='ocrx_word' id='word_1_264' title='bbox 1647 3806 1828 3922; x_wconf 83' lang='lat' dir='ltr'>satis</span> <span class='ocrx_word' id='word_1_265' title='bbox 1883 3805 2443 3921; x_wconf 82' lang='lat' dir='ltr'>distinguitur,</span> <span class='ocrx_word' id='word_1_266' title='bbox 2510 3813 2699 3924; x_wconf 86' lang='lat' dir='ltr'>quia</span> <span class='ocrx_word' id='word_1_267' title='bbox 2756 3810 3068 3918; x_wconf 84' lang='lat' dir='ltr'>colores</span> <span class='ocrx_word' id='word_1_268' title='bbox 3110 3832 3607 3893; x_wconf 80' lang='lat' dir='ltr'>evanuerunt</span> <span class='ocrx_word' id='word_1_269' title='bbox 3646 3866 3669 3886; x_wconf 90' lang='lat'><strong>.</strong></span> 
     </span>
    </p>

    <p class='ocr_par' dir='ltr' id='par_1_3' title="bbox 789 3929 3812 4800">
     <span class='ocr_line' id='line_1_30' title="bbox 1063 3929 3798 4049; baseline -0 -33"><span class='ocrx_word' id='word_1_270' title='bbox 1063 3931 1358 4017; x_wconf 84' lang='lat' dir='ltr'>Tertio</span> <span class='ocrx_word' id='word_1_271' title='bbox 1416 3935 1704 4021; x_wconf 87' lang='lat' dir='ltr'>ordine-</span> <span class='ocrx_word' id='word_1_272' title='bbox 1792 3940 2052 4049; x_wconf 83' lang='lat' dir='ltr'>prima</span> <span class='ocrx_word' id='word_1_273' title='bbox 2134 3932 2394 4048; x_wconf 83' lang='lat' dir='ltr'>figura</span> <span class='ocrx_word' id='word_1_274' title='bbox 2477 3929 2812 4019; x_wconf 79' lang='lat' dir='ltr'>exhibet</span> <span class='ocrx_word' id='word_1_275' title='bbox 2892 3957 3244 4045; x_wconf 86' lang='lat' dir='ltr'>pugnam</span> <span class='ocrx_word' id='word_1_276' title='bbox 3308 3934 3445 4018; x_wconf 88' lang='lat' dir='ltr'>dei</span> <span class='ocrx_word' id='word_1_277' title='bbox 3504 3932 3798 4016; x_wconf 78' lang='lat' dir='ltr'>Krshna</span> 
     </span>
     <span class='ocr_line' id='line_1_31' title="bbox 802 4056 3791 4175; baseline -0.001 -35"><span class='ocrx_word' id='word_1_278' title='bbox 802 4081 991 4140; x_wconf 85' lang='lat' dir='ltr'>eum</span> <span class='ocrx_word' id='word_1_279' title='bbox 1062 4084 1226 4142; x_wconf 88' lang='lat' dir='ltr'>una</span> <span class='ocrx_word' id='word_1_280' title='bbox 1298 4062 1636 4145; x_wconf 87' lang='lat' dir='ltr'>muliere</span> <span class='ocrx_word' id='word_1_281' title='bbox 1707 4123 1735 4163; x_wconf 83' lang='lat'>‚</span> <span class='ocrx_word' id='word_1_282' title='bbox 1798 4088 2043 4175; x_wconf 87' lang='lat' dir='ltr'>quam</span> <span class='ocrx_word' id='word_1_283' title='bbox 2107 4063 2413 4174; x_wconf 86' lang='lat' dir='ltr'>capillis</span> <span class='ocrx_word' id='word_1_284' title='bbox 2493 4056 3152 4172; x_wconf 85' lang='lat' dir='ltr'>comprehensam</span> <span class='ocrx_word' id='word_1_285' title='bbox 3228 4058 3477 4143; x_wconf 85' lang='lat' dir='ltr'>altera</span> <span class='ocrx_word' id='word_1_286' title='bbox 3532 4081 3791 4142; x_wconf 83' lang='lat' dir='ltr'>manu</span> 
     </span>
     <span class='ocr_line' id='line_1_32' title="bbox 799 4178 3789 4298; baseline 0.002 -35"><span class='ocrx_word' id='word_1_287' title='bbox 799 4189 1266 4293; x_wconf 71' lang='lat' dir='ltr'>pereni-tit,</span> <span class='ocrx_word' id='word_1_288' title='bbox 1332 4186 1673 4279; x_wconf 89' lang='lat' dir='ltr'>muliere</span> <span class='ocrx_word' id='word_1_289' title='bbox 1718 4181 1882 4270; x_wconf 88' lang='lat' dir='ltr'>sese</span> <span class='ocrx_word' id='word_1_290' title='bbox 1934 4183 2616 4284; x_wconf 87' lang='lat' dir='ltr'>defendente,ac</span> <span class='ocrx_word' id='word_1_291' title='bbox 2646 4190 2825 4267; x_wconf 84' lang='lat' dir='ltr'>vice</span> <span class='ocrx_word' id='word_1_292' title='bbox 2892 4178 3111 4266; x_wconf 87' lang='lat' dir='ltr'>versa</span> <span class='ocrx_word' id='word_1_293' title='bbox 3180 4185 3426 4268; x_wconf 89' lang='lat' dir='ltr'>deum</span> <span class='ocrx_word' id='word_1_294' title='bbox 3511 4182 3789 4298; x_wconf 86' lang='lat' dir='ltr'>flagro</span> 
     </span>
     <span class='ocr_line' id='line_1_33' title="bbox 802 4300 3789 4422; baseline 0.002 -35"><span class='ocrx_word' id='word_1_295' title='bbox 802 4300 1302 4417; x_wconf 85' lang='lat' dir='ltr'>impetente.</span> <span class='ocrx_word' id='word_1_296' title='bbox 1361 4310 1736 4397; x_wconf 85' lang='lat' dir='ltr'>Secunda</span> <span class='ocrx_word' id='word_1_297' title='bbox 1797 4308 2062 4422; x_wconf 87' lang='lat' dir='ltr'>figura</span> <span class='ocrx_word' id='word_1_298' title='bbox 2112 4306 2653 4422; x_wconf 84' lang='lat' dir='ltr'>repraesentat</span> <span class='ocrx_word' id='word_1_299' title='bbox 2707 4310 2955 4394; x_wconf 89' lang='lat' dir='ltr'>deum</span> <span class='ocrx_word' id='word_1_300' title='bbox 3016 4311 3288 4393; x_wconf 81' lang='lat' dir='ltr'>Visbnu</span> <span class='ocrx_word' id='word_1_301' title='bbox 3335 4307 3789 4412; x_wconf 84' lang='lat' dir='ltr'>sedentem,</span> 
     </span>
     <span class='ocr_line' id='line_1_34' title="bbox 796 4432 3800 4538; baseline 0.002 -26"><span class='ocrx_word' id='word_1_302' title='bbox 796 4433 897 4513; x_wconf 79' lang='lat' dir='ltr'>&#39;ad</span> <span class='ocrx_word' id='word_1_303' title='bbox 954 4436 1204 4520; x_wconf 85' lang='lat' dir='ltr'>latera</span> <span class='ocrx_word' id='word_1_304' title='bbox 1257 4438 1331 4519; x_wconf 86' lang='lat' dir='ltr'>ei</span> <span class='ocrx_word' id='word_1_305' title='bbox 1393 4437 1907 4538; x_wconf 69' lang='lat' dir='ltr'>assidentibus</span> <span class='ocrx_word' id='word_1_306' title='bbox 1961 4432 2118 4520; x_wconf 87' lang='lat' dir='ltr'>suis</span> <span class='ocrx_word' id='word_1_307' title='bbox 2168 4434 2493 4519; x_wconf 82' lang='lat' dir='ltr'>&#39;duabus</span> <span class='ocrx_word' id='word_1_308' title='bbox 2555 4432 2941 4518; x_wconf 81' lang='lat' dir='ltr'>uxoribus</span> <span class='ocrx_word' id='word_1_309' title='bbox 3004 4435 3390 4519; x_wconf 66' lang='lat' dir='ltr'>Laeksbmt&#39;</span> <span class='ocrx_word' id='word_1_310' title='bbox 3473 4439 3552 4518; x_wconf 72' lang='lat' dir='ltr'>ec</span> <span class='ocrx_word' id='word_1_311' title='bbox 3603 4434 3800 4518; x_wconf 82' lang='lat' dir='ltr'>Bhu-</span> 
     </span>
     <span class='ocr_line' id='line_1_35' title="bbox 792 4556 3802 4675; baseline 0.001 -32"><span class='ocrx_word' id='word_1_312' title='bbox 792 4556 1089 4644; x_wconf 76' lang='lat' dir='ltr'>mide‘vi</span> <span class='ocrx_word' id='word_1_313' title='bbox 1121 4623 1142 4645; x_wconf 90' lang='lat'><strong>.</strong></span> <span class='ocrx_word' id='word_1_314' title='bbox 1205 4561 1491 4648; x_wconf 87' lang='lat' dir='ltr'>Tertia</span> <span class='ocrx_word' id='word_1_315' title='bbox 1538 4561 1798 4675; x_wconf 79' lang='lat' dir='ltr'>figura</span> <span class='ocrx_word' id='word_1_316' title='bbox 1847 4561 1960 4647; x_wconf 86' lang='lat' dir='ltr'>est</span> <span class='ocrx_word' id='word_1_317' title='bbox 2012 4562 2219 4655; x_wconf 71' lang='lat' dir='ltr'>deus,</span> <span class='ocrx_word' id='word_1_318' title='bbox 2264 4563 2560 4646; x_wconf 84' lang='lat' dir='ltr'>Krshna</span> <span class='ocrx_word' id='word_1_319' title='bbox 2619 4590 2779 4644; x_wconf 87' lang='lat' dir='ltr'>una</span> <span class='ocrx_word' id='word_1_320' title='bbox 2845 4587 3082 4646; x_wconf 90' lang='lat' dir='ltr'>manu</span> <span class='ocrx_word' id='word_1_321' title='bbox 3170 4558 3534 4675; x_wconf 79' lang='lat' dir='ltr'>leporem</span> <span class='ocrx_word' id='word_1_322' title='bbox 3622 4588 3802 4647; x_wconf 72' lang='lat' dir='ltr'>ete-</span> 
     </span>
     <span class='ocr_line' id='line_1_36' title="bbox 789 4682 3812 4800; baseline 0.001 -33"><span class='ocrx_word' id='word_1_323' title='bbox 789 4687 1008 4767; x_wconf 68' lang='lat' dir='ltr'>&amp;um</span> <span class='ocrx_word' id='word_1_324' title='bbox 1070 4710 1356 4770; x_wconf 89' lang='lat' dir='ltr'>tenens</span> <span class='ocrx_word' id='word_1_325' title='bbox 1399 4747 1422 4769; x_wconf 91' lang='lat'><strong>.</strong></span> <span class='ocrx_word' id='word_1_326' title='bbox 1492 4691 1615 4776; x_wconf 71' lang='lat' dir='ltr'>Ex</span> <span class='ocrx_word' id='word_1_327' title='bbox 1690 4682 2014 4774; x_wconf 67' lang='lat' dir='ltr'>adversa</span> <span class='ocrx_word' id='word_1_328' title='bbox 2072 4714 2312 4800; x_wconf 86' lang='lat' dir='ltr'>parte</span> <span class='ocrx_word' id='word_1_329' title='bbox 2369 4690 2506 4772; x_wconf 86' lang='lat' dir='ltr'>stat</span> <span class='ocrx_word' id='word_1_330' title='bbox 2551 4683 2793 4771; x_wconf 86' lang='lat' dir='ltr'>arbor</span> <span class='ocrx_word' id='word_1_331' title='bbox 2828 4749 2853 4787; x_wconf 50' lang='lat'>2</span> <span class='ocrx_word' id='word_1_332' title='bbox 2906 4715 3012 4773; x_wconf 18' lang='lat' dir='ltr'>*ut</span> <span class='ocrx_word' id='word_1_333' title='bbox 3053 4689 3430 4784; x_wconf 79' lang='lat' dir='ltr'>videtur,</span> <span class='ocrx_word' id='word_1_334' title='bbox 3488 4690 3812 4800; x_wconf 80' lang='lat' dir='ltr'>palma,</span> 
     </span>
    </p>
   </div>
   <div class='ocr_carea' id='block_1_2' title="bbox 783 4809 3802 4934">
    <p class='ocr_par' dir='ltr' id='par_1_4' title="bbox 783 4809 3802 4934">
     <span class='ocr_line' id='line_1_37' title="bbox 783 4809 3802 4934; baseline 0 -40"><span class='ocrx_word' id='word_1_335' title='bbox 783 4809 1295 4930; x_wconf 82' lang='lat' dir='ltr'>quamlepus</span> <span class='ocrx_word' id='word_1_336' title='bbox 1355 4839 1495 4899; x_wconf 86' lang='lat' dir='ltr'>ore</span> <span class='ocrx_word' id='word_1_337' title='bbox 1552 4818 1933 4931; x_wconf 85' lang='lat' dir='ltr'>attingit,</span> <span class='ocrx_word' id='word_1_338' title='bbox 2000 4839 2262 4934; x_wconf 85' lang='lat' dir='ltr'>atque</span> <span class='ocrx_word' id='word_1_339' title='bbox 2297 4844 2399 4904; x_wconf 80' lang='lat' dir='ltr'>ex</span> <span class='ocrx_word' id='word_1_340' title='bbox 2432 4842 2527 4902; x_wconf 87' lang='lat' dir='ltr'>ea</span> <span class='ocrx_word' id='word_1_341' title='bbox 2560 4815 2810 4903; x_wconf 86' lang='lat' dir='ltr'>edere</span> <span class='ocrx_word' id='word_1_342' title='bbox 2857 4814 3237 4901; x_wconf 84' lang='lat' dir='ltr'>videtur.</span> <span class='ocrx_word' id='word_1_343' title='bbox 3297 4818 3520 4901; x_wconf 86' lang='lat' dir='ltr'>Haec</span> <span class='ocrx_word' id='word_1_344' title='bbox 3551 4818 3802 4899; x_wconf 85' lang='lat' dir='ltr'>vitam</span> 
     </span>
    </p>
   </div>
  </div>
 </body>
</html>
