4299 5782
3356 343 3521 405 211

550 435 798 525 deum
870 440 1144 527 Vishnu
1199 445 1410 529 virae
1468 450 1549 529 <Se
1607 447 1894 529 mortis
1950 445 2371 533 dominum
2421 441 2575 531 effe
2611 505 2642 547 ‚
2701 437 3024 557 serpens
3058 443 3279 528 enim
3315 457 3529 526 m‘or-

553 562 639 650 su
706 578 1186 654 enecatu&
1256 573 1413 676 ipse
1509 579 1584 652 in
1676 602 1939 678 partes
2007 570 2347 657 difecius
2430 577 2685 687 longo
2784 576 3170 682 temporis
3272 566 3525 682 spatio

557 694 945 780 animales
1006 692 1445 808 vitalesque
1537 700 1715 782 suos
1807 698 2124 809 spiritus
2187 707 2484 784 retinet
2551 759 2571 781 .
2667 703 2905 780 Hunc
2973 700 3319 779 circuitu
3391 687 3535 776 suo

543 840 830 904 -totum
897 825 1285 905 mundum
1339 832 1639 908 ambitu
1716 832 2088 936 quodam·
2140 828 2361 909 vitali
2418 831 2496 907 in
2557 821 2636 909 se
2706 816 3098 904 reclusum
3161 825 3537 906 continc-

565 969 648 1029 τε
704 944 1173 1030 fabulantur
1210 949 1464 1032 Indici
1523 953 1755 1064 Mage*
1784 1009 1811 1046 ‚
1871 957 1942 1031 δι
1990 950 2156 1061 post
2188 978 2330 1033 eos
2376 954 2582 1033 Plato
2617 949 2939 1064 Grayae
2978 943 3535 1057 philosophiae

559 1074 936 1185 princeps
974 1133 1001 1170 ,
1066 1082 1203 1185 qui
1266 1073 1624 1177 fatetur,
1688 1075 2272 1188 philosophiam
2328 1074 2547 1160 suam
2616 1101 2662 1157 a
2735 1076 3096 1155 Barbaris
3170 1068 3247 1155 se
3307 1097 3541 1154 acce-

561 1193 812 1317 piffe.
874 1206 999 1301 (t)
1076 1183 1435 1282 M‘undus
1491 1207 1770 1318 itaque
1849 1204 1986 1287 hic
2042 1199 2363 1285 vifibilis
2394 1206 2609 1285 vitae
2669 1203 2745 1281 δε
2792 1200 3070 1282 mortis
3109 1258 3134 1297 ‚
3199 1199 3540 1314 g'eneraq

567 1324 816 1405 tionis
852 1327 928 1405 δι
988 1328 1532 1437 corruptionis
1592 1329 1899 1411 ambitu
1953 1330 2029 1408 δι
2085 1328 2487 1439 principio
2551 1348 2775 1409 totus
2808 1325 3273 1407 continetur
3315 1381 3337 1405 .
3405 1326 3545 1406 Vi-

562 1443 774 1529 shnu
841 1449 1041 1532 deus
1087 1453 1301 1561 gerit
1359 1478 1654 1562 corpus
1716 1456 1795 1535 δε
1861 1450 2154 1534 faciem
2202 1437 2784 1549 .caeruleam‘‚
2846 1472 3200 1562 quatuor
3261 1475 3545 1533 manus
3594 1527 3603 1540 f

569 1563 820 1655 solitis
887 1576 1299 1657 attributis
1360 1579 1819 1687 praeditas,
1886 1572 2108 1660 sedet
2169 1582 2252 1660 in
2318 1574 2659 1661 scabello
2692 1571 3038 1686 pedibus
3076 1570 3542 1673 decussatis,

565 1698 1008 1781 monilibus
1068 1705 1332 1783 aureis
1407 1707 1770 1819 undique
1843 1705 2125 1787 lucens
2193 1763 2215 1787 .
2281 1691 2594 1786 Asfidet‘
2665 1724 2867 1787 uxor
2919 1707 3092 1783 eius
3162 1690 3552 1786 Laekshmt

551 1820 883 1907 duabus
932 1825 1299 1908 manibus
1353 1827 1773 1912 instrui-lta.
1842 1834 2066 1912 Haec
2130 1854 2383 1911 unum
2440 1824 2727 1940 pedem
2767 1821 3091 1906 sustinet
3148 1825 3552 1910 elevatum

570 1974 1065 2063 manumque
1131 1951 1496 2034 dextram
1556 1954 1752 2063 pubi
1810 1950 1997 2036 suae
2066 1952 2553 2064 applicatam
2611 2010 2641 2052 ‚
2698 1976 2871 2064 quo
2939 1970 3168 2032 motu
3241 1948 3550 2033 indicat

553 2067 654 2155 se
716 2095 999 2156 terram
1062 2073 1213 2158 effe
1263 2102 1310 2158 a
1377 2077 1648 2160 Vishnu
1710 2072 1843 2163 seu
1901 2106 2105 2189 aqua
2163 2077 2647 2189 irrigandam
2692 2078 2772 2156 δι
2835 2073 3259 2158 colendam
3308 2068 3348 2155 ’.
3414 2072 3547 2158 Ad

571 2194 960 2281 finistram‘
1012 2204 1361 2281 numinis
1436 2197 1659 2286 sedet
1732 2206 1879 2286 alia
1938 2204 2090 2286 dea
2160 2204 2466 2320 vulgari
2523 2198 2922 2284 vocabulo
2973 2193 3426 2283 Bhumidfvi
3473 2197 3559 2283 id

571 2322 680 2406 est
734 2325 1020 2407 telluris
1079 2327 1222 2406 dea
1277 2326 1487 2412 dista
1521 2386 1542 2420 ,
1605 2355 1813 2441 quae
1874 2329 2034 2412 deo
2087 2333 2383 2412 marito
2447 2323 2591 2411 suo
2659 2322 2941 2407 Visbnu
2971 2321 3257 2408 folium
3311 2324 3559 2408 Betila

571 2456 1105 2537 aromaticum
1167 2452 1820 2538 manducandum
1897 2454 2235 2564 praebet
2296 2516 2321 2552 ,
2426 2475 2847 2566 tamquam
2930 2451 3558 2561 produfiiouem

557 2599 835 2688 ‹aquae
883 2579 960 2656 δι
1017 2580 1221 2685 Opis
1289 2572 1424 2660 seu
1497 2579 1696 2662 deae
1733 2581 2062 2662 Cereris
2127 2605 2267 2663 aut
2328 2577 2746 2674 Telluris,
2809 2601 3053 2687 quam
3118 2578 3363 2658 etiam
3429 2574 3564 2661 illa

571 2705 829 2810 prima
878 2703 1357 2785 adumbrat.
1426 2697 1669 2784 Aous
1723 2706 2018 2815 pedum
2075 2708 2153 2785 δι
2203 2728 2586 2786 manuum
2630 2698 2874 2784 iidem
2912 2691 3097 2782 sunt
3136 2693 3563 2814 utriusque

567 2821 997 2911 mulieris.
1065 2826 1352 2912 Tertia
1418 2823 1683 2913 affidet
1742 2826 2047 2912 femina
2114 2827 2431 2915 Vishnu
2486 2826 2682 2924 dei,
2751 2824 3172 2923 ut'aiunt‚
3257 2850 3564 2911 concu-

574 2945 822 3049 bina,
886 2978 1097 3065 quae
1157 2977 1399 3067 quam
1440 2950 1824 3040 exhibeat
1873 2935 2108 3041 deam
2173 2957 2467 3067 ignoro
2502 3010 2527 3035 .
2595 2948 2767 3035 Sub
2796 2949 2951 3034 dea
2984 2948 3378 3045 Laeksbml
3422 2947 3568 3038 stat

557 3078 844 3161 ,ciacra
903 3135 932 3173 ,
998 3073 1354 3161 sub-dea
1411 3071 1871 3163 Bbumidbvi
1916 3082 2523 3192 quadrangulus
2579 3141 2613 3179 ,„
2696 3101 2915 3190 quae
2984 3075 3152 3160 duo
3227 3074 3572 3189 insignia

572 3201 674 3286 ad
711 3201 979 3285 Vishnu
1014 3203 1255 3287 deum
1290 3199 1757 3289 referuntur
1791 3264 1816 3289 .
1881 3206 1968 3287 In
2012 3209 2283 3290 medio
2318 3200 2459 3288 sub
2504 3201 2802 3288 throno
2830 3226 2925 3286 ac
2962 3200 3372 3316 praedicto
3430 3202 3568 3287 dei

576 3326 903 3413 Vishnu
976 3327 1391 3413 fimulacro
1459 3328 1676 3413 aliud
1749 3326 2106 3413 eiusdem
2172 3332 2305 3415 dei
2362 3328 2857 3424 exhibetur,
2921 3330 3003 3409 in
3070 3320 3333 3409 forma
3395 3328 3569 3411 cxi-

575 3476 745 3564 gua
782 3515 805 3554 ,
873 3457 1146 3543 colore
1215 3456 1654 3553 caeruleo,
1720 3455 2039 3542 duabus
2097 3455 2467 3544 manibus
2508 3513 2535 3556 ,
2599 3479 2689 3540 ut
2774 3450 2973 3536 mihi
3028 3452 3347 3539 videtur
3418 3449 3568 3540 cla·

577 3601 756 3664 vam
818 3581 1313 3693 gestantibus
1348 3639 1371 3665 .

845 3710 1086 3791 Valva
1138 3706 1510 3821 plicatilis
1569 3705 1959 3814 dextera,
2025 3716 2189 3801 tela
2232 3714 2647 3806 obdufia,
2709 3711 2792 3792 in
2856 3702 2991 3793 sua
3056 3733 3390 3795 externa
3451 3703 3575 3796 fa-

584 3828 766 3925 cie,
829 3830 1020 3915 dum
1094 3836 1435 3916 interior
1494 3837 2079 3948 complicatur,
2143 3845 2409 3954 primo
2462 3840 2863 3946 ·1upremo
2930 3837 3218 3919 ordine
3292 3831 3430 3946 fig
3506 3834 3571 3918 1.

585 3951 905 4042 Vishnu
960 3953 1098 4044 scu
1157 3955 1398 4044 Ra‘ma
1454 3963 1672 4071 genii
1733 3957 2089 4052 humeris
2145 3964 2555 4062 infidens,
2619 3965 2762 4079 qui
2800 3964 3095 4073 genius
3126 3962 3319 4057 alis,
3364 3953 3577 4166 ciliaso

3316 4110 3362 4168 a
3426 4110 3578 4168 un·
3644 4160 3655 4165 ,

676 4278 788 4363 (ι)
836 4282 1038 4351 Huius
1090 4278 1390 4369 serpentis
1446 4282 1558 4370 qui
1580 4296 1791 4348 totum
1828 4302 2014 4349 mun-
2142 4304 2319 4350 mors
2360 4280 2619 4369 quando
2652 4299 2732 4345 eo
2761 4275 3158 4349 destituimur
3186 4321 3209 4343 .
3257 4272 3373 4341 Hie
3406 4274 3579 4344 idem

583 4370 741 4441 dum
803 4375 1048 4443 ambitu
1085 4372 1197 4439 suo
1245 4377 1535 4440 continet
1589 4418 1611 4447 ‚
1655 4395 1899 4438 nomen
1928 4374 2015 4441 est
2142 4374 2397 4460 serpens
2434 4368 2926 4437 Samscrdamice
2955 4387 3217 4459 voca-tur
3242 4363 3526 4454 Vdsugbi
3551 4409 3577 4436 .

581 4468 876 4533 ‚Anaua
935 4516 940 4523 .
977 4468 1145 4532 And⁸
1163 4458 1314 4542 finis
1350 4486 1491 4539 ‚res
1514 4465 2016 4553 circumfiriptae,
2144 4464 2244 4530 vi
2287 4484 2355 4532 05
2388 4511 2407 4539 ‚
2434 4462 2622 4547 sugha
2646 4456 3144 4544 voluptas.unde
3174 4463 3459 4524 exoritur
3490 4457 3580 4522 di-

584 4558 848 4627 Ananda
874 4554 1160 4640 infinitus
1197 4603 1216 4630 ‚
1257 4576 1359 4625 res
1380 4578 1498 4623 non
1521 4557 2016 4643 circumfiripea.
2147 4555 2269 4622 &io
2301 4580 2317 4621 ι
2363 4556 2492 4622 oris
2533 4548 2828 4633 voluptas
2882 4597 2901 4620 2
2950 4568 3182 4634 ntenpe
3230 4552 3444 4627 aether
3476 4551 3580 4616 vel

590 4650 853 4716 Ananda
889 4654 1102 4737 iraque
1133 4649 1380 4733 serpens
1403 4653 1466 4713 in
1491 4671 1621 4734 quo
1649 4644 1812 4710 sedet
1837 4642 2015 4713 Visb-
2144 4666 2252 4714 aer
2281 4644 2515 4712 subtilis
2536 4639 2965 4730 respirationis
2990 4637 3057 4703 ὅ(
3077 4643 3205 4704 oris
3231 4639 3530 4725 voluptas
3552 4683 3575 4705 .

591 4755 677 4803 mn
711 4788 727 4803 .
777 4742 1026 4829 serpens
1089 4742 1173 4808 est
1233 4737 1516 4807 infinitus
1560 4784 1584 4817 ‚
1652 4735 2013 4813 symbolum
2147 4737 2422 4822 Vasughi
2477 4735 2723 4820 serpens
2752 4733 2877 4797 oris
2921 4775 2944 4807 ‚
2980 4732 3424 4817 'respirationis
3461 4749 3574 4796 vo-

593 4827 864 4899 aetheris
923 4837 1035 4923 qui
1076 4855 1304 4920 aquam
1338 4876 1362 4909 ‚
1412 4852 1583 4898 mare
1611 4876 1634 4907 ,
1682 4845 1875 4892 terras
1929 4844 2027 4893 to·
2149 4825 2357 4915 lupus
2387 4874 2407 4896 .
2458 4829 2618 4911 Huic
2670 4824 2908 4893 aetheri
2963 4821 3120 4889 deus
3181 4820 3421 4892 Visbnu
3466 4821 3583 4887 sen

593 4933 870 5004 tumque
905 4927 1215 4992 mundum
1250 4922 1448 4992 ambit
1481 4967 1498 4988 .
1550 4925 1662 4990 Hic
1688 4922 1899 4983 aether
1921 4921 2026 4986 vi·
2152 4942 2313 5009 aqua
2332 4917 2555 4987 infidet
2589 4960 2611 4983 ο

590 5023 663 5080 u
692 5010 760 5079 dt
787 5033 952 5083 nors
983 5016 1069 5083 est
1117 5062 1142 5098 ,
1186 5017 1312 5089 vita
1362 5037 1561 5103 quam
1587 5010 1968 5102 respiramus
1995 5053 2026 5093 ‚
