4299 5782
497 460 1057 565 thesaurorum
1118 469 1198 552 δε
1257 466 1650 578 pecuniae
1705 460 1969 550 custos
2008 527 2034 563 ,
2084 457 2396 580 Gangis
2454 458 2671 548 fluvii
2726 464 3001 552 accola
3074 457 3400 549 fictitius
3437 526 3465 566 ,

373 579 388 592 ⁶
501 625 731 686 cutus
801 623 1136 684 uxorem
1195 597 1553 712 Ahalyam
1618 591 2056 679 Devendra
2125 587 2641 706 seu.1upiter
2722 588 2870 676 sub
2959 590 3219 675 forma
3277 594 3467 701 galli

500 719 954 835 compretfit
994 781 1019 819 ‚
1078 721 1191 805 ob
1248 748 1490 836 quam
1546 719 1885 806 caussam
1974 717 2191 832 apud
2226 717 2891 831 Montejblconlum
2935 778 2961 817 ‚
3021 723 3102 801 δε
3190 717 3472 832 Stoosch
3609 826 3615 831 ᾗ

408 884 411 885 f
496 852 920 955 Mercurio
986 846 1314 931 huicin
1375 847 1732 962 antiquis
1822 847 2372 931 monumentis
2463 840 2760 958 gallum
2849 845 3252 958 appiaum
3328 847 3474 928 de·

506 976 966 1093 prehendes
1000 1031 1023 1056 .
1080 971 1406 1058 Nebulo
1465 970 1770 1057 deaster
1817 974 1953 1057 iste
2007 970 2517 1085 distinguitur
2578 969 2683 1056 ab
2747 968 2888 1055 illo
2943 973 3166 1083 gravi
3218 996 3474 1081 rege,

506 1106 587 1186 δε
656 1097 1135 1215 philosopho
1197 1101 1609 1184 Mercurio
1668 1100 2140 1212 Termagno
2173 1154 2202 1198 ,
2258 1123 2505 1212 quem
2552 1094 3477 1197 venerabilem,accen-

511 1222 745 1327 sum,
806 1222 1222 1312 censorem
1290 1225 1776 1327 hominum,
1842 1220 1976 1308 sex
2035 1223 2436 1309 scientias·
2496 1218 3046 1338 poflidentem‘
3083 1281 3111 1321 ‚
3196 1222 3478 1334 legum

523 1352 1036 1442 conditorem
1072 1412 1096 1451 ,
1147 1348 1560 1452 sanetum,
1623 1345 2102 1436 omniscium
2166 1413 2194 1453 ,
2248 1347 2788 1434 confiliarium
2846 1352 2924 1432 &
2993 1351 3487 1460 contempla·

518 1501 839 1578 torem,
896 1477 1289 1563 bonarum
1357 1476 1952 1564 institutionum
2019 1467 2297 1589 r'egem
2366 1537 2394 1577 ,
2478 1475 2982 1574 radiantem,
3049 1475 3487 1588 Cupidinis

505 1598 907 1700 ,victorem
948 1662 973 1704 ,
1019 1601 1338 1719 fuscum
1371 1663 1398 1702 ‚
1453 1601 1846 1714 insignem
1889 1605 2285 1689 viatorem
2320 1598 2873 1687 seu‘nuncium
2907 1660 2932 1701 ,
2991 1625 3240 1716 atque
3292 1627 3490 1684 cen-

515 1726 729 1815 soria
759 1731 982 1840 virga
1014 1728 1472 1814 instructum
1505 1729 2108 1814 vocabularium
2133 1728 2634 1836 Amaraſsnha
2664 1724 2848 1814 sect.
2874 1729 3155 1841 firgga
3185 1756 3489 1842 vargga

521 1850 906 1942 describit
941 1914 964 1937 .
1025 1852 1404 1940 Attamen
1463 1856 1630 1940 duo
1690 1855 1778 1937 hi
1837 1858 2220 1939 Mercurii
2275 1917 2300 1958 ‚
2352 1880 2561 1972 quos
2618 1853 3136 1940 Amarafinba
3191 1880 3335 1968 per
3372 1854 3545 1946 san

528 2006 665 2067 cra
724 1983 1215 2092 cognomina
1279 1976 1414 2063 seu
1465 1982 2082 2091 indigitamenta
2132 1981 2237 2067 ab
2291 1984 2640 2075 invicem
2715 1984 2869 2065 rite
2927 1975 3347 2093 distinguit
3413 1986 3504 2064 sc

527 2105 892 2218 separat,
949 2107 1065 2187 in·
1088 2106 1398 2215 graecis
1467 2106 1760 2190 fabulis
1838 2111 1920 2189 &
1979 2110 2536 2194 monumentis
2602 2106 3228 2191 confunduntur
3311 2116 3497 2211 (ι).

526 2230 875 2325 Eoldem
930 2232 1274 2313 invicem
1343 2229 1876 2317 confundunt
1931 2237 2013 2315 &
2080 2236 2472 2319 intricant
2531 2233 2909 2345 vulgares
2977 2231 3301 2317 fabulae
3371 2238 3500 2317 In-

526 2357 818 2459 dicae,
868 2358 1294 2467 Peguanae
1324 2416 1354 2456 ‚
1416 2356 1862 2443 Siamenses
1892 2417 1920 2457 ,
1959 2363 2039 2443 δε
2071 2359 2533 2445 'siber-anae
2568 2420 2594 2459 ‚
2640 2360 2857 2442 unde
2943 2353 3034 2441 fit
3088 2420 3116 2456 ‚
3221 2383 3311 2443 ut
3360 2384 3497 2442 co-

527 2484 921 2596 gnomina
974 2486 1206 2565 unius
1241 2538 1264 2580 ‚
1320 2470 1549 2568 alteri
1612 2483 2212 2588 attribuantur,
2269 2511 2520 2601 atque
2585 2486 3039 2569 Mercurius
3070 2509 3284 2567 nunc
3322 2511 3506 2596 pro-

531 2609 738 2705 bus,
794 2633 1014 2691 nunc
1072 2604 1249 2707 fur,
1306 2637 1524 2695 nunc
1585 2609 1866 2731 censqr
1931 2615 2013 2694 δι
2060 2615 2383 2707 vindex
2435 2672 2461 2711 ,
2513 2638 2733 2695 nunc
2797 2612 3099 2695 nebulo
3151 2616 3230 2694 &
3280 2636 3503 2724 prae-

534 2730 953 2844 stigiator,
1010 2759 1223 2816 nunc
1286 2733 1623 2833 donus,
1665 2735 2251 2822 monachus&
2341 2733 2860 2853 philosophus
2926 2793 2954 2833 ,
3040 2760 3257 2818 nunc
3326 2737 3501 2818 auri
3575 2725 3580 2730 ’

537 2856 941 2967 cupidus,
998 2882 1214 2940 nunc
1274 2858 1632 2945 liberalis
1688 2859 1969 2947 sedens
2037 2870 2114 2946 δε
2176 2863 2786 2974 contemplans,
2838 2884 3056 2941 nunc
3129 2860 3508 2970 urpastor

536 3004 683 3077 aut
738 2981 953 3060 celer
1001 2986 1349 3063 nuncius
1384 3042 1411 3079 ‚
1470 3013 1687 3065 nune
1751 2985 1965 3096 gallo
2019 2986 2405 3085 armeus,
2468 3011 2686 3069 nunc
2722 2987 3023 3096 virgam
3066 2979 3510 3070 censoriam

539 3100 685 3198 seu⁵
744 3104 1193 3186 caduceum
1233 3111 1451 3216 pacis
1494 3107 1854 3224 bellique
1894 3111 2334 3205 indicium,
2377 3112 2624 3198 vitae
2680 3133 2820 3191 aut
2857 3111 3134 3192 mortis
3202 3108 3518 3221 iignum

539 3228 851 3347 gestans
912 3225 1454 3315 exhibeatur.
1520 3236 1729 3316 Vide
1774 3234 2087 3345 Orphei
2142 3234 2534 3350 hymnum
2608 3237 2686 3316 in
2772 3234 3269 3322 Mercurium
3354 3267 3520 3324 cum
3607 3267 3612 3270 ·

536 3355 858 3450 Henrict'
908 3352 1263 3461 Stephani
1282 3416 1305 3452 ,
1358 3351 1458 3440 &⁶
1515 3360 1785 3469 Iqlbphi
1827 3360 2205 3473 Scaliger}
2265 3364 2459 3445 notis
2495 3422 2520 3463 ‚
2607 3362 2766 3444 1⁶8
2785 3396 2862 3470 9.
2901 3362 3098 3446 edit.
3171 3364 3520 3468 TraieQ.

536 3488 644 3566 ad
702 3480 1084 3562 Rhenum.
1139 3481 1438 3565 Natalis
1494 3485 1850 3568 Comitis
1904 3485 2254 3604 mythol.
2330 3487 2467 3571 lib.
2537 3515 2611 3588 5.
2679 3509 2840 3594 cap.
2904 3513 3231 3598 5.·pag.
3298 3517 3514 3597 432·

537 3612 812 3702 Court
858 3604 960 3688 de
1016 3605 1371 3691 Gebelin
1407 3669 1433 3709 ‚
1479 3630 1658 3697 tom.
1690 3639 1765 3719 3.
1836 3636 2015 3725 pag.
2066 3603 2262 3697 too.
2335 3612 2671 3697 Histoire
2747 3610 2851 3694 de
2938 3615 3313 3708 Mercure
3367 3642 3518 3722 fou

541 3731 826 3827 'Ihot,
873 3734 953 3811 ἃ
996 3753 1173 3842 pag.
1191 3734 1356 3846 seq.
1402 3756 1558 3818 art.
1597 3766 1672 3821 t.
1729 3738 1871 3822 des
1924 3765 2154 3820 noms
2209 3738 2313 3821 de
2366 3741 2746 3823 Mercure
2789 3795 2815 3835 ,
2874 3765 2969 3823 ac
3049 3737 3516 3853 praesertim

532 3881 718 3967 pag,
764 3878 1168 3959 1414art.
1227 3889 1300 3964 5.
1362 3860 1447 3940 Si
1504 3862 1576 3946 T
1585 3859 1735 3946 hot
1790 3890 1898 3948 ou
1955 3867 2331 3954 Mercure
2389 3861 2519 3948 fut
2584 3888 2688 3944 un
2740 3858 2917 3946 (erre
2985 3864 3150 3950 recl
3207 3857 3317 3950 ou
3379 3862 3593 3960 A1.''

548 3982 1021 4090 legorjque.
1085 3985 1207 4067 Ex
1265 3984 1414 4070 hac
1485 3993 1907 4073 nominum
1968 3993 2046 4073 &
2114 4017 2382 4075 rerum
2453 3983 2928 4102 confusione
2983 3992 3284 4088 factum
3351 3993 3521 4093 est,

553 4129 643 4192 ut
704 4100 1053 4190 Avenses
1094 4169 1118 4209 ‚
1184 4114 1715 4231 Peguanique
1756 4142 2056 4201 nomen
2120 4119 2450 4200 Godama
2512 4118 2967 4202 Mercurius
3009 4120 3351 4201 Nomius
3383 4114 3522 4204 seu

546 4257 959 4318 vaccarum
998 4230 1244 4340 pastor
1300 4243 1795 4327 retinuerint
1859 4304 1884 4342 ‚
1952 4245 2363 4327 Gadamam
2447 4265 2716 4328 tamen
2789 4247 3226 4327 maximum
3290 4236 3522 4330 suum

549 4357 795 4441 deum
856 4351 1267 4440 sedentem
1310 4422 1337 4461 ‚
1400 4391 1495 4449 ac
1545 4369 2218 4453 meditabundum
2273 4367 2586 4483 fingant
2636 4359 3305 4483 exhibeantque.
3367 4365 3519 4478 Vi?

549 4480 654 4568 'de
723 4483 899 4566 eius
964 4484 1289 4567 iconem
1342 4489 1426 4572 in
1492 4486 1907 4614 systemate
1964 4494 2495 4583 Brahmanico
2563 4484 2880 4598 tab-xv·
2945 4494 3086 4596 b.‚
3147 4497 3227 4577 &
3271 4487 3525 4610 ipsum

1358 4634 1374 4648 “
2277 4618 2354 4701 Β
2647 4653 2654 4660 ·
3353 4623 3532 4705 eius

641 4725 752 4811 (ι)
796 4727 1150 4796 Manethon
1183 4730 1255 4799 δε
1287 4732 1550 4800 Paullus
1578 4736 1973 4805 iablonskius
2101 4736 2310 4804 belin·
2341 4739 2545 4806 multa
2582 4738 2663 4808 de
2708 4740 2804 4808 his
2848 4728 3176 4808 mercuriis
3207 4738 3468 4825 inquirit
3504 4783 3531 4822 ,

552 4838 778 4884 omnes
800 4819 1032 4905 priscae
1054 4824 1273 4891 aetati·
1305 4827 1654 4894 Mercurios
1695 4828 1772 4894 ad
1813 4830 1973 4893 duos
2100 4828 2308 4895 multa
2338 4832 2612 4900 elucidat
2640 4876 2666 4914 ,
2707 4832 2895 4926 plura
2919 4832 3215 4910 intricat,
3261 4831 3330 4898 ὅ(
3356 4849 3532 4918 conf

538 4923 804 4972 tantum
836 4911 1168 4996 redigunt.
1201 4915 1361 4983 Vide
1380 4915 1736 5004 Allegories
1764 4912 1976 4984 orien-
2098 4909 2312 4990 fundit
2342 4965 2364 4986 .
2560 4927 2574 4963 ’-
3053 4921 3064 4954 ¹
3271 4941 3278 4950 ·
3333 4939 3334 4942 “
3511 4933 3528 4946 ’

558 4999 724 5066 tales
748 5015 905 5066 tom.
929 5022 993 5088 3.
1011 5018 1092 5093 p.
1122 5021 1275 5090 142.
1294 5051 1324 5090 ‚
1368 5007 1478 5080 ubi
1506 5015 1719 5080 Court
1756 5009 1835 5080 de
1864 5012 1993 5078 Ge·

3409 376 3654 486 9'‚
