4299 5782
1258 375 2206 473 MYTHOLOGIA

508 636 1065 722 carnationum
1132 635 1234 719 ab
1306 630 1703 719 Abraham
1758 640 2083 747 Roger,
2139 666 2184 721 a
2231 644 2318 722 P.
2349 635 2712 721 Iohanne

508 751 614 847 'de
685 768 953 857 Brim,
1016 789 1060 843 a
1112 763 1457 860 Baldeo,
1520 793 1564 844 a
1624 768 1698 844 Ρ.
1740 763 1949 844 Roth
1989 826 2011 858 ‚
2079 793 2123 847 a
2169 772 2246 846 Ρ.
2285 763 2718 875 Ildephon-

512 884 599 972 so
650 917 695 972 a
746 884 1443 1006 Prae-semanno&
1514 916 1554 968 a
1609 897 1690 976 12.
1732 884 2266 973 Constantino
2314 892 2417 971 ab
2462 887 2716 970 Ascu-

508 1012 592 1097 lo
657 1018 734 1095 &
795 1041 839 1096 a
908 1018 992 1095 P.
1038 1017 1313 1097 Marco
1374 1040 1419 1095 a
1479 1014 1802 1114 Tumba
1871 1073 1895 1110 ,
1959 1012 2294 1128 aliisque
2393 1015 2712 1097 Indica-

510 1165 689 1223 rum
753 1163 1016 1220 rerum
1076 1142 1356 1248 peritis
1413 1136 2078 1252 traditum-sequi
2135 1137 2427 1234 libuit,
2493 1145 2568 1219 δε
2623 1165 2719 1223 ea

515 1287 724 1377 quae
786 1267 1058 1345 audior
1128 1260 1367 1374 spurii
1463 1264 1644 1346 libri
1744 1267 2273 1350 Ezourvedam
2342 1260 2703 1376 inscripti

514 1389 619 1470 de
685 1379 1552 1496 his'incarnationibus
1615 1386 1887 1474 scribit
1943 1450 1968 1489 ‚
2038 1414 2130 1472 ut
2192 1415 2236 1473 a
2306 1391 2720 1471 communi

514 1514 901 1597 Indorum
969 1515 1330 1598 derina
1387 1514 1634 1598 aliena
1705 1519 2086 1600 reiicere.
2169 1519 2443 1631 Quare
2510 1512 2722 1598 hanc

511 1641 1101 1751 apparitionem
1160 1642 1446 1724 ordine
1515 1635 1927 1752 septimam
1990 1641 2476 1725 collocamus
2535 1664 2722 1723 cum

513 1769 621 1849 D.
660 1771 1081 1865 sonuerat,
1139 1771 1281 1880 qui
1351 1794 1529 1850 eam
1595 1768 1918 1849 uberius
1965 1763 2410 1849 describit.

2797 385 2994 471 Ordo
3029 390 3256 496 mzfii
3284 296 3462 476 ²333·

2881 513 3103 626 glani
3133 520 3460 604 Velitris.

769 1895 1071 1975 Ostava
1125 1896 1521 2006 apparitio
1594 1895 1726 1974 dei
1792 1893 2075 1976 Visbnu
2136 1897 2213 1974 in
2257 1918 2533 2003 regem
2587 1895 2729 1972 Pa·
2794 1953 2803 1962 .

520 2012 962 2120 rasterama
940 2022 1391 2118 incarnati,
1457 2021 1857 2102 Ineditum
1910 2047 2007 2102 ex
2053 2020 2349 2128 pinara
2399 2018 2481 2101 in
2518 2015 2725 2099 duo-

519 2137 672 2222 bus
741 2131 1095 2224 sacellis.
1166 2144 1372 2228 Vide
1423 2141 1588 2262 syst.
1652 2142 1958 2228 Brahm.
2021 2169 2194 2256 pag.
2235 2172 2439 2249 301.

769 2269 1005 2352 Nona
1063 2272 1461 2380 apparitio
1507 2270 1639 2353 dei
1696 2267 2006 2354 Vishnu
2059 2274 2140 2352 in
2196 2268 2504 2353 Krshna
2578 2261 2714 2349 seu

515 2387 978 2504 Apollinem
1065 2396 1448 2477 Nomium
1533 2398 1916 2478 incarnati
1978 2460 2001 2482 .
2098 2396 2333 2478 Edita
2399 2395 2563 2476 duo
2608 2390 2724 2474 .-fi

520 2518 873 2602 mulacra
940 2546 1039 2603 cx
1099 2545 1336 2603 aere.
1411 2521 1615 2604 Item
1687 2526 1859 2603 eius
1928 2521 2268 2603 thronus
2335 2549 2435 2604 ex
2496 2544 2733 2618 aere,

491 2641 718 2724 ‘alius
772 2644 1186 2727 ineditus.
1255 2643 1459 2726 Vide
1531 2641 1757 2755 supra
1827 2650 1906 2727 in
1971 2646 2127 2729 hoe
2219 2672 2464 2757 opere
2547 2671 2730 2755 pag.

527 2790 729 2872 131.
805 2772 882 2847 δι
968 2762 1131 2881 seq.
1204 2762 1371 2884 syst.
1438 2768 2046 2853 Brahmanicum
2128 2798 2309 2882 pag.
2386 2779 2584 2876 146.
2655 2771 2735 2850 δε

522 2914 724 2997 3¹0·
791 2893 1023 2975 Plura
1088 2894 1264 2975 eius
1353 2890 1758 2981 simulacra
1858 2897 2160 2981 inedita
2242 2893 2421 2983 vide
2508 2888 2738 3007 supra

518 3015 605 3099 in
672 3016 989 3099 duobus
1050 3013 1346 3102 sacellis
1401 3020 1751 3105 Indicis·
2190 3088 2193 3091 Ἴ

501 3214 512 3233 ,
771 3143 1075 3226 Rrshna
1142 3145 1343 3227 tibia
1391 3148 1511 3227 ori
1579 3146 1930 3259 apposita
1989 3144 2226 3232 sonos
2263 3145 2730 3231 modulans.

495 3264 849 3350 'Editum
909 3298 1010 3353 ex
1085 3299 1156 3354 1.
1195 3265 1482 3354 sacello
1511 3272 1845 3356 Indico.
1919 3276 2122 3361 Vide
2177 3270 2406 3386 supra
2450 3302 2526 3384 p.
2505 3300 2738 3379 ¹·40·

709 3395 1117 3480 Decima
1205 3399 1600 3539 apparitio
1669 3400 1748 3479 in
1810 3426 2108 3512 regem
2167 3401 2358 3513 equi
2430 3398 2727 3480 condu-

521 3517 824 3602 &orem
904 3517 1178 3604 futura
1265 3525 1345 3603 in
1430 3517 2120 3613 consummatione
2205 3521 2485 3607 mundi
2583 3547 2726 3635 per

2846 2269 3088 2350 Num.
3096 2293 3174 2372 3.
3187 2291 3321 2360 11.
3334 2296 3476 2356 21.

2865 2419 3007 2501 ²⁷·
3039 2419 3180 2500 75·

2855 3395 3095 3477 Num.
3143 3395 3278 3479 28.
3345 3441 3368 3457 ·

522 3630 889 3753 aquam.
953 3649 1281 3731 Editum
1339 3674 1443 3729 ex
1508 3651 1814 3759 pictura
1876 3709 1907 3751 ,
2195 3646 2367 3733 lura
2430 3646 2739 3730 inedita
2882 3736 2887 3743 ,

525 3765 609 3847 in
671 3771 988 3856 duobus
1051 3768 1344 3860 sacellis
1407 3772 1776 3859 Indicis.
1841 3774 2048 3861 Vide
2130 3773 2267 3892 yst.
2317 3770 2739 3860 Brahmau.

506 3913 695 4005 pag.
738 3908 935 3981 162.

780 4018 910 4104 Ad
960 4048 1249 4104 nonam
1302 4024 1381 4104 δι
1435 4022 1826 4107 decimam
1899 4004 2533 4108 incarnationem
2602 4020 2735 4108 're-

525 4140 796 4232 fertur
855 4148 986 4231 dei
1048 4148 1335 4230 Vishnu
1401 4148 1847 4232 incarnatio
1914 4153 1993 4234 in
2066 4150 2413 4247 Badhan,
2480 4174 2725 4262 quam

525 4273 1112 4356 accidentalem
1150 4300 1439 4359 vocant
1478 4333 1498 4355 .
1532 4273 1758 4388 ‘Eam
1788 4272 2071 4362 factam
2098 4272 2322 4359 fuiffe
2360 4277 2736 4373 credunt,

528 4422 622 4479 ut
682 4400 937 4480 Budha
1004 4396 1135 4481 seu
1194 4401 1614 4484 Mercurius
1675 4429 1956 4485 eorum
2017 4400 2439 4485 hominum
2498 4400 2740 4481 actio-

533 4548 740 4621 ne3‚
797 4552 1002 4639 quos
1076 4553 1293 4610 nunc
1394 4527 1987 4637 contemplatur
2072 4534 2149 4609 δε
2247 4528 2651 4609 examinat
2711 4580 2738 4621 ,

533 4653 617 4733 in
649 4736 654 4741 ,
689 4647 1382 4736 consummatione
1424 4653 1696 4736 mundi
1736 4655 2125 4737 diiudicet
2166 4714 2191 4752 ,
2253 4678 2345 4734 ac
2397 4676 2545 4765 pro
2583 4673 2739 4730 me·

538 4779 701 4865 tito
755 4805 892 4866 aut
927 4779 1327 4875 demerito
1353 4805 1820 4869 remuneret
1858 4839 1884 4885 ‚
1941 4805 2080 4870 aut
2107 4780 2393 4896 puniat
2425 4834 2449 4859 .
2514 4780 2741 4861 Haec

2608 4925 2756 5013 ap·

2859 4021 3101 4105 Num.
3129 4045 3209 4127 4.
3259 4046 3393 4131 ¹9·
