4299 5782
3385 286 3559 369 139

442 399 461 405 “
593 384 826 485 denti
884 381 1128 473 adstat
1184 404 1427 471 vacca
1468 380 1788 473 rubra.
1852 389 1944 472 In
1996 380 2353 473 eiusdem
2391 388 2659 472 valvae
2714 382 2926 471 facie
2975 405 3311 469 externa
3353 414 3566 501 quae

599 513 706 597 est
753 514 1074 624 lignea,
1137 513 1337 621 deus
1396 513 1712 599 Krshna
1757 515 2009 599 calcat
2082 520 2161 598 δε
2252 513 2718 627 prostratum
2822 536 3046 595 tenet
3116 506 3575 658 serpentem

593 617 917 749 Calenga
948 634 1083 722 seu
1138 615 1659 756 Pythonem.
1728 642 2055 723 Secunda
2085 645 2354 754 figura
2392 640 2724 724 exhibet
2757 636 3135 722 eumdem
3181 638 3393 719 in‘ter
3433 634 3568 722 sex

594 790 877 849 vaccas
946 763 1336 864 stantem,
1398 791 1610 882 quae
1678 793 1967 850 vaccae
2004 764 2353 849 elevatis
2366 754 2769 880 capitibus
2807 764 3052 847 deum
3089 758 3523 874 respiciunt
3548 822 3579 865 ,

600 892 849 1002 eique
912 885 1530 1004 obsequuntur.
1595 890 1721 975 Ad
1766 896 1974 974 latus
2040 891 2398 974 dextrum
2453 890 2639 976 albo
2679 887 2953 973 colore
2996 894 3357 1002 appictus
3389 913 3568 970 cer·
3699 983 3712 989 -

439 1085 467 1095 -
595 1015 815 1100 nitur
877 1014 1157 1097 fluvius
1229 1024 1609 1101 Yamuna.
1673 992 1988 1100 Krshna
2052 1043 2208 1101 una
2269 1040 2506 1100 manu
2569 1040 2800 1101 tenet
2858 1040 3190 1111 arcum,
3257 1039 3389 1095 cut
3426 1039 3600 1124 ap.

589 1166 897 1253 ponere
964 1137 1285 1223 videtur
1364 1136 1732 1252 sagittam
1795 1143 2164 1255 pedibus
2221 1169 2534 1225 arcum
2566 1140 3165 1225 tendentibus.
3255 1135 3570 1221 Ibidem

590 1262 903 1347 Krshna
959 1263 1235 1347 domat
1304 1264 1879 1379 elephantem.
1938 1258 2205 1350 Tertia
2253 1271 2524 1380 figura
2579 1294 2765 1349 eum
2840 1259 3377 1376 repraesentat
3445 1287 3575 1344 ar-

589 1390 771 1474 bori
832 1386 1303 1473 insidentem
1340 1449 1364 1489 ,
1425 1417 1673 1506 atque
1731 1391 1984 1486 vestes
2042 1392 2472 1477 mulierum
2508 1385 2646 1477 abs
2707 1387 2785 1474 se
2838 1388 3232 1500 surreptas
3271 1392 3348 1470 in
3387 1387 3561 1469 alto

476 1601 490 1612 ,
591 1539 1016 1600 tenentem
1042 1573 1067 1612 ,
1102 1541 1371 1630 neque
1403 1515 1539 1599 nifi
1566 1519 1894 1605 elevatis
1923 1519 2289 1602 manibus
2318 1518 2788 1602 adoratione
2826 1512 2965 1597 fibi
3000 1510 3202 1598 fasta
3232 1574 3257 1613 ,
3285 1539 3417 1596 eas
3452 1537 3588 1596 re··

594 1639 1107 1723 stituentem·.
1143 1647 1314 1725 Hae
1342 1642 1719 1726 mulieres
1763 1643 2023 1726 nudae
2068 1638 2301 1743 sunt,
2338 1667 2427 1727 ut
2459 1638 2919 1726 seminudae
2957 1640 3405 1752 pinguntur
3434 1665 3571 1721 no·

591 1793 774 1852 vem
801 1764 1066 1849 musae
1106 1763 1147 1849 s
1142 1766 1248 1850 ub
1284 1767 1571 1852 arbore
1596 1764 1786 1853 ‘cum
1812 1756 2190 1882 Apolline
2217 1755 2645 1854 saltantes.
2696 1764 3009 1849 Ibidem
3045 1761 3402 1848 secundo
3436 1789 3570 1848 or-

587 1893 782 1974 dine
825 1894 978 2004 fig.
1046 1920 1118 1976 1.
1173 1889 1489 1976 Krshna
1533 1895 1651 1977 lac
1707 1892 2025 1977 furatur
2070 1953 2096 1993 ‚
2161 1918 2410 2008 atque
2506 1920 2652 2008 per
2733 1889 3106 1975 mulieres
3187 1890 3574 2003 vapulat.

588 2017 975 2131 Denique
1079 2020 1321 2102 tertio
1406 2021 1693 2102 ordine
1752 2021 1963 2103 idem
2033 2019 2230 2103 deus
2273 2016 2732 2133 ‘serpentem
2819 2016 3313 2102 cucullatum
3394 2043 3565 2101 ma·

585 2136 1061 2253 'nu‘gerens
1104 2203 1125 2239 ,
1198 2145 1508 2243 virum,
1569 2143 2127 2260 feminamque
2194 2172 2433 2227 unam
2494 2141 2927 2259 insequens
2994 2168 3087 2226 ac
3162 2166 3572 2253 perterre·
3635 2241 3646 2252 ,

590 2265 903 2350 faciens
968 2266 1456 2353 exhibetur.
1528 2270 1778 2355 Valva
1842 2299 1888 2355 a
1947 2270 2339 2381 penetrali
2388 2270 2665 2353 ultima
2701 2272 2961 2383 primo
2995 2268 3279 2351 ordine
3316 2269 3474 2381 fig.
3493 2298 3570 2359 ε.

587 2395 966 2476 eumdem
1034 2395 1276 2477 deum
1335 2423 1676 2508 puerum
1736 2390 2280 2508 repraesentat
2316 2389 2460 2479 sub
2495 2395 2781 2479 arbore
2807 2418 3284 2507 repentem,
3318 2397 3472 2506 fig.
3492 2424 3563 2480 2.

480 2568 483 2569 f
587 2519 977 2603 mamillas
1040 2528 1322 2602 Putnae
1375 2520 1728 2605 feminae
1786 2524 2168 2634 gigantis
2199 2519 3027 2634 comprehendentem
3105 2545 3351 2633 atque
3429 2547 3570 2605 ve-

586 2670 888 2727 nenum
939 2644 1158 2729 fimul
1221 2651 1300 2727 δι
1361 2652 1708 2731 animam
1746 2646 1977 2735 illius
2046 2644 2578 2759 exsugentem
2648 2712 2670 2733 .
2737 2643 3010 2728 Adstat
3068 2640 3567 2754 supposititia

478 2794 490 2800 ²
583 2770 943 2854 Krshnae
1004 2772 1133 2853 dei
1190 2792 1446 2855 mater
1505 2774 1862 2884 Giagt'oda
1923 2835 1944 2871 ,
2013 2800 2225 2888 quae
2309 2797 2652 2883 puerum
2697 2769 2950 2854 deum
3021 2764 3565 2880 persecutioni

588 2898 669 2976 δι
732 2901 893 2980 irae
950 2897 1215 3003 Kamsta
1271 2883 1630 3010 gigantis
1687 2923 2054 3012 ereptum
2116 2901 2317 2983 laete
2380 2890 2522 2978 suo
2581 2898 2720 2981 alit
2782 2899 2892 2978 &
2912 2895 3269 2979 educat.
3338 2898 3567 2981 Haec

590 3020 846 3130 igitur
912 3023 1020 3107 est
1075 3021 1394 3106 historia
1439 3023 1567 3110 dei
1629 3023 1978 3124 Κνώηα,
2043 3053 2256 3140 quae
2304 3048 2407 3105 ex
2463 3016 2884 3108 codicibus
2942 3024 3020 3103 δι
3081 3045 3569 3108 monumen-

590 3149 696 3228 tis
753 3145 1077 3232 finceris
1144 3145 1391 3233 musei
1462 3152 1841 3260 Borgiani
1913 3155 2280 3233 eruitur.

838 3279 1099 3359 Huius
1191 3276 1322 3358 dei
1396 3275 1741 3385 primum
1794 3272 2134 3371 sactum
2215 3280 2293 3358 δι
2382 3276 2818 3388 maximum
2906 3296 3369 3386 cognomen
3453 3273 3565 3394 est

584 3451 924 3567 «ῥῆξ’,
987 3433 1614 3554 Κτεὶιηε,”ηἰςεν
1650 3500 1670 3522 .
1740 3448 1995 3558 Niger
2050 3468 2325 3528 autem
2386 3443 2613 3529 color
2673 3468 2774 3525 ex
2834 3440 3229 3554 opinione
3316 3439 3564 3531 Indo-

588 3637 763 3691 rum
827 3607 1414 3723 pulcherrImus
1474 3620 1550 3698 δε
1620 3609 2222 3730 ρετέεὰἰίϊῑωυς
2289 3601 2397 3694 est
2461 3671 2483 3693 .
2585 3615 2860 3729 Quare
2927 3610 3118 3691 dum
3208 3610 3563 3726 aliquem

585 3732 1027 3822 formosum
1095 3737 1309 3841 esse,
1377 3743 1649 3825 dicere
1699 3740 2035 3837 volunt,
2101 3766 2290 3822 eum
2357 3741 2674 3848 nigrum
2746 3731 2895 3817 esse
2944 3733 3377 3819 ostendunt
3440 3762 3564 3822 at·

588 3886 752 3976 que
818 3866 1175 3950 Krshnae
1236 3868 1393 3950 deo
1449 3860 1582 3948 seu
1623 3861 1975 3977 Apollini
2020 3886 2486 3980 comparant
2521 3921 2541 3943 .
2584 3861 2854 3947 'Unde
2893 3860 3086 3941 illud
3126 3861 3497 3972 adagium
3528 3894 3556 3945 =

583 3985 1100 4074 Purusheshu
1175 3991 1538 4088 Krshna,
1601 3994 1797 4075 inter
1837 3993 2045 4078 viros
2077 3991 2398 4073 omm'um
2432 3986 2956 4100 formofi'fflmus
2986 3983 3322 4065 Krshna.
3394 3987 3552 4070 Ta-

583 4135 737 4193 ceo
798 4112 981 4197 heic
1044 4118 1229 4201 alias
1292 4113 1684 4236 mythicas
1754 4119 2159 4219 rationes
2223 4115 2558 4230 quibus
2583 4114 2884 4194 industi
2944 4111 3199 4193 Indici
3243 4110 3562 4220 mytho-

586 4238 884 4348 graphi
943 4240 1161 4324 hunc
1221 4243 1467 4326 deum
1535 4247 1610 4324 &
1679 4245 2030 4326 iuvenem
2083 4249 2211 4326 δι
2201 4244 2514 4353 nigrum
2588 4231 3044 4320 exhibent·
3112 4234 3556 4340 Tibullus,

582 4367 971 4464 Ovidius
1039 4364 1336 4480 aliique
1401 4374 1664 4480 graeei
1722 4374 1797 4450 &
1854 4368 2082 4451 latini
2138 4372 2547 4451 Graecum
2599 4361 3055 4472 Apollinem
3097 4354 3461 4471 semper
3439 4389 3557 4445 ru-

568 4517 875 4574 venem
934 4496 1009 4574 &
1074 4488 1509 4576 formosum
1568 4490 2087 4578 describunt.
2155 4494 2362 4581 Vide
2415 4485 2645 4600 supra
2704 4489 2958 4571 Caroli
3020 4485 3378 4597 Stephani
3433 4488 3558 4572 di·

572 4620 1065 4707 &ionarium
1125 4618 1498 4706 historico
1561 4622 2038 4737 poeticum.

3390 4740 3554 4825 Hic
