4299 5782
797 292 830 348 1
915 270 968 347 6

757 299 972 500 sto9lis
1022 379 1231 470 male
1270 381 1722 487 intelleRa,
1753 407 1928 470 taut
1978 372 2122 470 suo
2187 379 2393 469 vitio
2456 409 2835 498 corrupta
2893 386 3547 502 praedicaverat.
3589 389 3737 476 Vi·

789 516 892 599 de
953 515 1032 598 S
1081 509 1374 624 Epiph.
1440 511 1567 594 lib.
1644 542 1718 599 ι.
1786 513 2016 595 item
2023 540 2097 595 2.
2151 534 2334 623 pag.
2390 516 2596 617 278.
2654 508 2937 627 ὰβᾳ.
2982 540 3267 601 contra
3324 510 3752 610 haereses.

789 639 1248 750 Empedocles
1300 637 1650 721 Metonis·
1685 636 2212 750 Agrigentinus
2281 640 2530 750 ignem
2580 631 2679 721 ὁ·
2720 649 3006 723 terram
3061 701 3088 737 ,
3151 634 3252 724 ὁ·
3300 668 3581 753 aquam
3643 634 3750 723 ἀ

789 795 1037 852 aerem
1067 821 1094 864 ,
1148 783 1467 875 quatuor
1514 764 2008 874 primogenita
2060 759 2491 848 'introdisxit
2533 767 2890 848 elementa
2908 826 2935 865 ,
2999 761 3099 850 &-
3151 765 3366 850 dixit
3395 824 3425 865 ‚
3491 765 3748 850 inimi·

802 894 1058 977 citiam
1102 883 1234 1003 (ffi’
1265 891 1605 998 primum
1644 895 2079 973 elementum
2109 950 2131 974 .
2197 892 2560 999 Separata
2606 893 2801 973 enim
2857 912 3076 975 erant
3107 892 3321 1001 prius
3342 954 3368 989 ,
3435 892 3757 1006 inquit,

797 1047 987 1102 nunc
1044 1035 1294 1098 autem
1338 1016 1629 1098 counita
1655 1018 1846 1122 stant
1885 1075 1908 1110 ‚
1962 1016 2169 1102 velut
2194 1013 2347 1113 ait,
2409 1017 2786 1100 contraHa
2816 1039 3076 1112 mutua
3112 1018 3446 1100 amicitia
3480 1061 3511 1092 .
3576 1022 3751 1098 Duo

796 1145 1031 1257 igitur
1058 1140 1246 1249 stent
1273 1140 1676 1248 secundum
1721 1140 1946 1250 ipstom
1975 1140 2350 1250 principia
2411 1135 2511 1224 όν
2563 1142 2895 1227 virtutes
2919 1202 2941 1242 ,
3002 1143 3396 1225 inimicitia
3429 1137 3529 1225 ὠ·
3565 1141 3751 1225 ami·

757 1270 1029 1369 ciria,
1089 1295 1406 1378 quarum
1455 1268 1699 1351 altera
1742 1266 1972 1366 unit,
2015 1269 2261 1348 altera
2289 1266 2626 1350 diducit.
2676 1267 2900 1351 Idem
2934 1270 3008 1351 S.
3041 1268 3331 1379 Epiph.
3354 1287 3542 1350 cont.
3574 1267 3752 1349 bae-

795 1394 977 1502 rell-s
1039 1392 1520 1502 Iih.3.1.-.a
1567 1417 1752 1503 pag:
1787 1395 1998 1499 484.
2054 1386 2412 1490 Censor,
2476 1393 2617 1504 qui
2680 1398 2754 1477 S.
2807 1392 3203 1502 Epiphanii
3262 1397 3750 1478 audieritate

792 1520 1126 1605 innixus
1173 1550 1225 1608 a
1272 1513 1654 1635 Scytbiano
1705 1512 2417 1601 Manichaeismum
2446 1518 2543 1600 ad
2568 1519 3019 1601 Brakmanes
3050 1519 3293 1623 Indos
3352 1505 3752 1628 perlatum

802 1640 1029 1731 fuisse
1083 1644 1569 1742 contendit,
1637 1643 1873 1744 nohis
1929 1643 2208 1741 dicat,
2273 1670 2393 1726 an
2442 1641 2886 1751 Empedoclis
2940 1647 3017 1726 &
3081 1644 3583 1728 Brakmanum
3635 1640 3746 1724 de

777 1768 1113 1856 *duobus
1150 1769 1564 1885 principiis
1596 1769 2010 1866 do6irina,
2069 1768 2684 1874 Manichaeifmus
2729 1768 3021 1868 stan
3078 1770 3417 1854 amicitia
3482 1773 3559 1852 &
3601 1766 3752 1850 ini·

793 1897 1122 1997 micitia,
1198 1894 1576 1978 concordia
1637 1894 1895 1991 dileat-s
1959 1894 2041 1973 in
2089 1895 2577 1994 elementis,
2637 1892 2990 1979 Manetis
3057 1896 3452 2006 principia
3533 1891 3751 1975 fintz
3906 1965 3915 1972 .

796 2023 1160 2111 Scivirne
1216 2029 1536 2120 Manes,
1584 2021 1779 2132 quid
1815 2009 2093 2101 Oruma'
2139 2023 2219 2100 δι
2271 2016 2535 2103 Arimi
2587 2016 2639 2102 s
2644 2043 2676 2103 t
2708 2027 2748 2101 2
2800 2022 3156 2103 Scivitne
3193 2023 3374 2134 quis
3411 2016 3756 2101 Ormuzd

794 2150 877 2229 δε
931 2147 1355 2230 Arimanius
1396 2080 1645 2227 fuerit
1676 2152 1713 2227 2
1781 2142 1986 2227 Vide
2023 2139 2307 2254 supra
2286 2172 2364 2225 nn
2401 2143 2558 2228 hoc
2591 2172 2838 2257 opere
2866 2144 2966 2227 de
3013 2146 3346 2228 Devada
3413 2143 3547 2226 seu
3591 2141 3754 2227 ›Iri-

649 2352 656 2359 .
793 2251 1041 2355 monio
1073 2298 1173 2353 ex
1208 2267 1365 2354 fide
1411 2269 1804 2353 Indorum
1846 2267 2147 2352 Badhae
2207 2269 2429 2353 bono
2476 2273 2724 2381 genio
2757 2263 3092 2351 &satori
3140 2266 3504 2381 oppofito
3516 2293 3596 2377 p
3614 2298 3649 2370 5
3678 2295 3757 2356 r.

797 2400 943 2504 84.
1011 2427 1153 2505 90.
1204 2395 1663 2509 Anquetil,
1720 2395 1944 2478 Zend
2009 2391 2363 2493 Avesta‚
2390 2424 2751 2506 ouvrage
2802 2394 2895 2476 de
2951 2394 3389 2500 Zoroastre,
3455 2420 3649 2477 tom.
3682 2422 3759 2476 1.

792 2516 1144 2606 secunda
1231 2545 1431 2633 part.
1472 2546 1651 2632 pag.
1711 2546 1797 2625 3.
1866 2524 1947 2604 8.
2005 2547 2145 2635 77.
2212 2522 2356 2602 81.
2422 2524 2621 2604 82.
2648 2518 3048 2603 Thomam
3100 2522 3398 2639 Hyde,
3475 2528 3584 2603 H
3559 2519 3754 2627 stor.

790 2648 1007 2759 relig.
1032 2666 1195 2731 vet.
1227 2645 1608 2753 Perstet-um
1664 2669 1836 2756 cap.
1870 2643 2017 2751 35.
2047 2671 2345 2755 pag-43
2370 2672 2445 2760 7.
2508 2671 2683 2757 cap.
2735 2674 2805 2729 1.
2843 2671 3110 2756 pag.4.
3146 2673 3217 2748 ς.
3252 2672 3292 2748 3
3322 2673 3394 2728 1.
3430 2671 3652 2757 cap.3
3680 2674 3760 2748 5.

777 2796 1175 2884 pag.429.
1240 2772 1380 2855 ubi
1436 2795 1791 2855 veterem
1829 2767 2240 2854 Persarum
2275 2769 2629 2882 linguam
2667 2770 2982 2855 Peblavi
3052 2770 3601 2853 dnstamolim
3669 2772 3759 2856 iu

798 2887 1072 2982 Indica
1130 2893 1330 2981 urbe
1386 2897 1802 2983 Neisbabur
1834 2956 1857 2996 ,
1929 2897 2006 2980 id
2071 2895 2180 2980 est
2239 2900 2320 2977 in
2356 2898 2922 2997 Neishadadur,
2983 2895 3449 3008 Shrinagari-
3472 2956 3498 2995 ‚
3557 2895 3757 3013 Nyst⁸

659 3058 667 3066 ·
797 3020 939 3108 seu
991 3023 1442 3142 Dionysopoli
1484 3028 1567 3107 in
1632 3019 1771 3106 usu
1834 3017 2061 3106 fuiffe
2112 3046 2388 3132 aperte
2428 3021 2684 3108 docet
2735 3085 2760 3122 ,
2828 3027 2907 3104 &
2950 3049 3128 3134 pag.
3180 3049 3287 3127 43
3316 3053 3393 3105 2.
3452 3025 3756 3107 veteris

793 3149 1124 3262 linguae
1170 3148 1520 3233 Persicae
1578 3151 1831 3234 lexica
1890 3143 2024 3229 seu
2075 3147 2460 3260 Phar-hang
2518 3178 2616 3232 ex
2664 3142 2893 3233 India
2936 3154 3014 3231 &
3071 3151 3151 3228 in
3207 3147 3437 3231 India
3504 3173 3759 3261 quae-

797 3275 1048 3361 renda
1070 3277 1149 3356 &
1183 3276 1714 3388 comparanda
1749 3269 1901 3358 esse
1935 3267 2266 3356 affirmat
2299 3332 2318 3355 .
2340 3277 2511 3358 Nec
2571 3278 2857 3357 mirum
2880 3332 2908 3373 ,
2955 3274 3174 3387 q'u'od
3206 3265 3516 3356 Thomas
3546 3272 3761 3391 Hyde

793 3401 1212 3514 antiquam
1272 3397 1679 3484 Persarum
1712 3401 2091 3510 linguam
2143 3398 2518 3481 Medicam
2574 3394 2726 3483 effe
2786 3400 3187 3513 putaverit
3222 3456 3246 3498 ‚
3313 3418 3499 3484 eu‘m
3538 3402 3759 3481 Sam-

766 3524 1235 3633 firdamicae
1284 3527 1707 3637 imperitus
1762 3522 2064 3622 fuerit,
2124 3528 2204 3604 δι
2268 3523 2588 3606 Indicos
2642 3525 2890 3607 libros
2930 3583 2955 3622 ,
3015 3551 3109 3607 ac
3167 3519 3755 3636 philosophiam

795 3649 1397 3734 Brahmanicam
1434 3649 1922 3763 ignoraverit
1957 3705 1979 3728 .
2042 3649 2358 3757 Persicae
2390 3649 2757 3760 religionis
2807 3669 3273 3732 monumenta
3297 3674 3340 3748 ,·
3388 3651 3500 3733 ait
3536 3643 3753 3760 ipse,

739 3774 742 3777 “
789 3805 844 3867 a
893 3771 1263 3879 Zoroastre
1312 3781 1345 3875 (
1408 3771 1554 3857 sub
1613 3772 1856 3857 finem
1924 3769 2444 3855 Monarchiae
2502 3775 2855 3860 Medio-ae
2898 3775 3212 3858 vivente
3241 3775 3563 3885 >ste-ipro
3586 3803 3757 3857 con·

761 3902 1078 4014 fignata
1110 3898 1299 4004 sunt
1325 3897 1491 4005 fida
1537 3900 1794 4011 lingua
1854 3900 2052 4008 Pers
2042 3927 2128 3981 ca
2187 3899 2487 3982 veteri.
2551 3899 2784 4016 Hyde
2814 3904 2893 3983 in
2931 3897 3177 4013 praef.
3210 3924 3393 4011 pag.
3418 3929 3486 3984 r.
3521 3898 3753 3984 Conss

792 4025 920 4113 fer
985 4025 1302 4133 Astatick
1351 4022 1750 4130 researchcs
1807 4048 2002 4108 tom.
2070 4053 2143 4108 1.
2205 4049 2390 4134 pag.
2402 4051 2604 4133 349.
2674 4024 2810 4108 ubi
2876 4018 3117 4137 Angli
3185 4023 3754 4110 Caleurtenses

790 4152 905 4237 ita
957 4146 1403 4233 differunt.
1474 4147 1820 4253 Mohstmi
1865 4150 2054 4230 Fani
2098 4149 2221 4230 the
2284 4178 2467 4263 very
2508 4150 2791 4232 candid
2839 4152 2996 4231 and
3047 4151 3419 4262 ingenious
3482 4151 3752 4233 author·

789 4254 888 4386 of*
913 4274 1037 4359 the
1096 4272 1473 4359 θεώὶἣέιη
1533 4334 1557 4373 ,
1641 4270 1996 4376 defit-ibes
2049 4271 2129 4353 in
2186 4269 2299 4353 his
2333 4272 2512 4386 βψ
2568 4275 2768 4385 chap.
2827 4305 2879 4355 a
2929 4304 3097 4357 racc
3161 4276 3259 4387 of
3292 4277 3417 4360 old
3458 4278 3752 4383 Pet-fian
3840 4295 3844 4297 ‘

791 4406 1061 4512 Sages,
1142 4399 1328 4486 Who
1365 4424 1643 4509 appear
1670 4399 1883 4508 from
1942 4395 2063 4478 the
2118 4396 2379 4484 Whole
2441 4399 2533 4508 of
2566 4399 2681 4482 bis
2736 4421 3120 4495 account,
3175 4422 3257 4483 to
3311 4402 3514 4486 have
3569 4403 3751 4485 been

785 4529 1090 4611 Hindus
1150 4536 1185 4629 (
1233 4527 1309 4607 id
1379 4523 1489 4608 est
1547 4524 1872 4608 Indicos
1922 4530 2009 4623 >3
2065 4523 2225 4602 and
2270 4542 2388 4604 we
2451 4545 2714 4608 cannot
2778 4527 3046 4628 doubt,
3102 4526 3270 4609 that
3315 4529 3433 4610 ebe
3472 4529 3639 4611 book
3671 4528 3772 4637 ff

787 4648 1332 4736 Mahabarada
1387 4708 1414 4747 ,
1489 4648 1730 4732 which
1785 4677 1941 4733 was
2011 4647 2314 4730 written
2365 4647 2453 4731 be
2485 4652 2659 4767 says
2707 4711 2734 4750 ,
2799 4652 2886 4734 in
2949 4682 2998 4734 a
3056 4651 3370 4750 celestial
3417 4654 3699 4737 diolci}
3727 4710 3756 4752 ,

783 4806 1035 4862 means
1098 4773 1223 4857 the
1284 4771 1511 4864 voda
1542 4808 1566 4874 ς
1602 4773 1697 4880 fi»
1759 4770 1927 4859 that
1975 4770 2316 4878 lerator}
2364 4782 2396 4878 (
2439 4773 2847 4864 zoroaster
2895 4785 2928 4882 )
2981 4804 3131 4865 was
3165 4780 3323 4899 only
3386 4757 3439 4865 o
3506 4777 3760 4890 Refhr·

3527 4931 3735 5001 mem
