4299 5782
3412 372 3576 451 υς

605 470 717 556 tia
770 470 1269 553 Fourmontii
1324 463 1643 554 historia
1735 498 1808 574 ς.
1896 472 2442 556 Pandav'ariem
2527 482 2824 584 poema·
2917 466 3024 553 est
3087 468 3509 555 heroicum
3551 535 3581 575 ,

609 619 703 682 ac
764 595 1103 708 proinde
1150 592 1467 679 historia
1522 592 1943 682 fabulosa.
2011 590 2275 681 Allata
2344 600 2500 680 iam
2563 593 2794 707 supra
2871 596 3239 680 vocabuli
3291 593 3580 680 Maha'-

606 723 941 805 bhcirada
1009 720 1503 835 etymologia
1566 780 1593 821 ,
1689 746 1939 837 atque
2029 723 2388 806 adduciis
2469 719 2648 835 ipfis
2712 723 2900 804 libri
2971 719 3381 822 verfibus,
3450 745 3577 808 tot

603 852 958 936 virorum
1019 873 1176 929 non
1240 844 1585 959 egebam
1631 849 2246 932 auetoritatibus
2303 854 2381 931 &
2439 843 2858 931 sententiis
2924 907 2950 947 ‚
3016 874 3292 930 verum
3380 850 3575 961 quia

613 999 797 1058 cum
867 971 1330 1054 hominibus
1404 972 1864 1055 Indicarum
1924 999 2204 1056 rerum
2271 974 2563 1056 ieiunis
2589 1000 2682 1055 ac
2715 974 3100 1072 novitiis,
3161 968 3291 1054 sed
3384 999 3575 1056 con-

614 1098 1071 1186 tumacibus
1121 1157 1146 1197 ,
1210 1096 1724 1179 rhinocerontis
1787 1092 2056 1182 nasum
2129 1164 2154 1199 ‚
2245 1125 2412 1213 quo
2510 1100 2916 1210 impetunt
2960 1157 2984 1197 ‚
3077 1096 3568 1209 gestantibus

607 1225 1011 1336 agendum
1074 1224 1237 1319 est,
1299 1222 1397 1304 ad
1468 1226 1707 1307 imam
1772 1218 2022 1335 usque
2083 1225 2431 1329 radicem
2467 1220 3131 1339 ,descendendum
3172 1218 3341 1305 erat
3379 1284 3403 1318 ,
3472 1249 3567 1308 ac

612 1350 1148 1462 grammaticis
1203 1342 1418 1430 hisce
1485 1350 1762 1447 tricis,
1828 1377 1928 1432 ne
1998 1352 2260 1435 dicam
2312 1378 2523 1462 pene
2584 1347 3044 1434 trivialibus
3077 1346 3373 1431 Indicis
3404 1373 3568 1430 ver·

611 1476 732 1557 bis
790 1470 920 1556 sua
970 1476 1091 1557 vis
1148 1478 1223 1553 δι
1271 1499 1457 1556 vera
1558 1470 2035 1587 significatio
2110 1475 2521 1559 statuenda
2589 1498 2853 1587 erar.
2953 1477 3218 1581 Nemo
3289 1474 3562 1586 itaque

612 1626 829 1682 nunc
891 1626 935 1681 a
995 1593 1222 1682 sensu
1286 1604 1700 1684 communi
1762 1624 1921 1683 tam
1972 1603 2283 1684 alienus
2322 1657 2350 1696 ,
2411 1601 2752 1712 logicae·
2797 1623 2958 1682 tam
3009 1626 3351 1712 expers,
3423 1602 3573 1680 cri-

605 1726 790 1808 terii
852 1748 1009 1806 tarn
1063 1750 1348 1834 parcus
1381 1785 1405 1823 ,
1467 1723 1835 1811 historiae
1892 1732 1970 1807 ἃ
2023 1725 2586 1845 mythologiae
2621 1721 2947 1808 Indicae
2983 1750 3147 1808 tam
3182 1726 3500 1828 jejunus
3532 1790 3556 1826 ,

606 1849 873 1931 verbis
932 1855 1008 1931 δι
1070 1853 1652 1960 imaginatione
1709 1878 1869 1938 tam
1930 1855 2188 1936 audax
2245 1858 2321 1935 &
2379 1845 2744 1964 profusus
2782 1854 2990 1948 erit,
3058 1854 3321 1965 quiex
3353 1876 3558 1962 poe·
3659 1877 3666 1881 ·

608 2001 880 2071 mate,
944 2003 1043 2057 ex
1094 1973 1383 2057 fabulis
1423 2037 1444 2071 ‚
1513 2004 1611 2059 ex
1675 1973 2135 2062 fictionibus
2206 2004 2474 2062 veram
2546 1970 3011 2060 Indicorum
3093 2002 3379 2087 regum
3418 1973 3561 2061 Se-

607 2105 806 2183 riem
872 2127 1054 2181 cum
1147 2102 1569 2212 Anquetilio
1644 2101 2086 2185 admirabili
2156 2102 2294 2186 illo
2347 2099 2830 2188 circulatore
2894 2103 3388 2200 concinnare
3427 2103 3556 2186 ad·

602 2224 971 2322 laboret,
1034 2252 1168 2308 aur
1230 2226 1439 2309 illam
1500 2254 1741 2340 quam
1810 2231 1878 2312 is
1949 2230 2185 2313 nobis
2230 2225 2470 2325 sistit,
2537 2252 2808 2311 veram
2869 2287 2896 2328 ‚
2957 2224 3554 2326 sincerans&

601 2356 1040 2460 genuinam
1100 2346 1248 2433 effe
1296 2349 1736 2438 existimet·
1894 2376 1899 2379 ’
2385 2434 2390 2439 ,
3029 2408 3038 2413 ,
3083 2406 3088 2447 ;
3359 2418 3362 2425 .
3549 2426 3554 2435 .

850 2479 939 2557 In
1009 2475 1145 2558 illo
1203 2481 1574 2589 catalogo
1634 2482 1733 2563 D.
1794 2478 2189 2592 Anquetil
2278 2480 2408 2563 du*
2482 2485 2780 2563 Perron
2851 2481 3194 2591 primum
3279 2477 3560 2579 Indiae

462 2700 465 2703 Ι
595 2601 1013 2684 dominum
1070 2599 1530 2686 universalis
1594 2606 1874 2689 diluvii
1936 2606 2154 2719 quasi
2225 2599 2750 2719 spectatorem
2837 2606 3200 2699 ,collocat
3274 2630 3556 2713 regem
3681 2642 3684 2645 *

594 2726 888 2825 Bhart,
951 2755 1049 2808 ex
1114 2756 1281 2839 quo
1352 2724 1575 2810 saltat
1639 2733 1737 2814 ad
1793 2758 2096 2814 nonum
2157 2791 2185 2829 ‚
2273 2735 2416 2845 qui
2501 2758 2634 2815 ex·
2685 2732 3073 2842 opinione
3149 2726 3384 2840 ipsius
3451 2727 3560 2814 est

590 2853 878 2949 Rourt,
943 2875 1189 2963 atque
1248 2881 1351 2939 ex
1412 2852 1567 2937 hoc
1645 2858 1940 2939 iterum
1980 2852 3546 2967 postsexdecim,generationeslacunis

586 2975 860 3084 plenas
921 3003 1258 3086 regnum
1319 2974 1693 3064 transfert
1742 2982 1821 3061 in
1877 2981 2385 3065 Delcsharada
2451 2987 2530 3063 δε
2565 2978 2844 3078 ‘Pincia
2877 3040 2910 3080 ‚‚
2967 3007 3177 3094 quae
3215 2984 3543 3087 nomina

587 3095 751 3212 ipse
820 3103 898 3183 in
969 3099 1335 3212 singulari
1432 3109 1705 3215 inepte
1796 3100 2067 3189 scribit
2154 3108 2645 3191 Dehtrascber
2737 3112 2814 3188 δι
2898 3109 3272 3192 Pandva.
3339 3109 3550 3195 Vide

584 3285 754 3348 tom.
798 3296 862 3348 t.
910 3297 1092 3383 pag,
1126 3290 1371 3355 xxxn.
1461 3247 1726 3357 inm.
1795 3275 1923 3360 cit.
1994 3271 2414 3360 m-afflffissnss
2458 3273 2748 3361 Partha
2788 3336 2814 3376 ‚
2879 3276 3101 3390 quod
3149 3251 3551 3406 Anque‘til:

583 3462 961 3574 corrupte
1015 3436 1291 3523 scribit
1342 3439 1637 3539 Barth,
1708 3442 1773 3522 is
1834 3438 1999 3555 ipse
2045 3444 2155 3528 est
2207 3505 2232 3546 ,
2299 3448 2428 3530 cui
2512 3444 2937 3556 Rhagavan
3022 3437 3156 3527 seu
3227 3441 3546 3529 Vishnu

580 3561 659 3642 in
728 3565 968 3647 deum
1036 3568 1334 3650 Krshnae
1390 3563 1521 3648 seu
1592 3566 2055 3679 Apollinem
2113 3576 2573 3656 incarnatus
2664 3597 2884 3656 arma
2931 3623 2962 3671 -‚
3027 3569 3546 3686 potestatem-'J

576 3712 734 3794 que
793 3690 1292 3775 extradidiffe
1345 3692 1603 3776 fertur
1647 3692 1745 3775 ad
1807 3687 2382 3813 Dusyo'dbanam
2441 3690 3185 3810 aliosquecent'um
3241 3696 3542 3788 fratres-

571 3808 1143 3900 dcbe'llandos.
1208 3818 1413 3903 Vide
1475 3811 1702 3928 supra
1722 3819 2106 3932 stropham
2140 3824 2552 3931 secundam
2594 3882 2616 3908 .
2684 3825 2928 3906 Hunc
2988 3817 3268 3904 Pa‘rtb'a
3304 3884 3353 3934 ,ἱ
3394 3819 3540 3946 seu]

573 3996 660 4056 ut
697 3977 1091 4063 Indostani
1132 3976 1489 4064 scribunt
1516 3977 1721 4150 ᾖ
1771 3991 2005 4074 Barth
2035 4051 2061 4091 ‚
2124 3996 2472 4106 prirnum
2530 3990 2873 4081 conocat
2927 3983 3344 4076 Tedzkerat
3393 3991 3540 4098 Af:

527 4158 825 4264 filatin
868 4166 942 4245 ἃ
1011 4190 1195 4258 cum
1249 4194 1351 4250 eo
1403 4172 1763 4279 Anqueu‘l
1815 4172 1897 4253 in
1958 4164 2158 4254 serie
2193 4195 2562 4257 veterum
2598 4173 2875 4254 Indiae
2923 4195 3206 4281 regum
3241 4230 3267 4269 ‚
3337 4159 3531 4285 quia

557 4289 866 4398 primus
935 4287 1105 4389 est,
1163 4286 1695 4403 seuprimum
1764 4322 2064 4380 nomen
2123 4299 2232 4383 est
2285 4300 2696 4411 proprium
2759 4356 2785 4396 ,
2875 4294 3100 4409 quod
3187 4301 3268 4378 in
3332 4327 3533 4409 poe-

558 4431 778 4520 mate
846 4416 989 4497 ilio
1042 4416 1322 4498 Indico
1376 4423 1729 4505 occurrit
1764 4483 1785 4506 .
1855 4420 2116 4504 Pofito
2174 4423 2329 4505 hoc
2393 4421 2703 4532 stipite,
2771 4423 2872 4503 D.
2915 4421 3307 4537 Anquetil
3347 4411 3551 4537 ,ρει-5

490 4649 495 4650 ἢ
561 4566 765 4626 trem
829 4569 872 4625 a
934 4541 1099 4625 filio
1155 4544 1459 4625 derivat
1525 4571 1748 4630 more
1807 4541 1989 4629 sane
2049 4542 2394 4632 absurdo
2487 4568 2570 4628 et
2611 4545 2772 4657 ipfi
2839 4551 3177 4661 proprio
3238 4607 3265 4648 ‚
3340 4577 3534 4668 namt

558 4667 808 4753 Pindu
864 4696 1143 4782 regem
1200 4666 1621 4751 stemmatis
1689 4696 1772 4753 et
1828 4664 2243 4781 prosafiiae
2298 4675 2766 4771 auctorem,
2833 4672 3083 4755 Pdndu
3139 4675 3532 4787 inquam,

556 4797 772 4906 regis
816 4791 1079 4882 fictitii
1132 4795 1409 4881 Pdrtba
1432 4796 2225 4914 patrem,decimum
2281 4792 2595 4884 sextum
2667 4823 2944 4914 regem
3006 4799 3177 4914 post
3265 4796 3530 4891 filium*

3187 4930 3595 5048 „sol-2*
