4299 5782
505 431 717 530 des,
749 452 837 516 ut
894 433 1207 534 Badha,
1274 434 1357 520 id
1417 435 1583 536 est,
1645 432 1924 533 sedes,
1989 460 2081 523 ut
2135 459 2533 535 truncuS,
2599 428 2945 547 pedibus
2999 343 3492 543 decussati?

512 554 739 642 sedes
802 586 1020 643 torus
1069 564 1703 711 cogitationibus
1771 558 2192 709 absorptus
2255 591 2359 647 eo
2414 561 2709 660 modo,
2774 588 2943 676 quo
2998 562 3335 675 plurima
3399 567 3490 651 {i-

516 687 865 770 mulacra
916 688 1252 773 Badhae
1308 693 1389 771 in
1442 694 1592 771 viis
1642 691 1988 804 publicis
2045 750 2068 789 ,
2135 693 2216 772 in
2282 686 2742 772 nemoribus
2852 682 2993 770 sub
3065 688 3490 780 arboribus

516 832 623 897 ex
672 839 1089 898 marmore
1136 817 1576 899 constructa
1633 811 2391 928 repraesentantur.
2463 808 2862 895 Iuvenalis
2935 811 3169 936 satyr.
3211 823 3296 902 8.

894 994 1830 1026 .......
1956 964 2216 1025 trunco
2251 939 2662 1035 stmillimus
2728 942 3055 1024 Hermae
3084 1001 3111 1045 ,

896 999 1123 1155 Nullo
1177 1070 1441 1180 quippe
1504 1070 1653 1150 alio
1705 1066 1947 1150 vincis
2006 1067 2483 1173 discrimine,
2544 1093 2774 1174 quam
2826 1069 3025 1180 quod

897 1193 1035 1273 Illi
1094 1220 1585 1277 marmoreum
1644 1212 1868 1301 caput
1914 1191 2012 1291 el}
2047 1252 2072 1290 ,
2133 1213 2271 1275 tua
2325 1189 2544 1275 vivit
2589 1189 2850 1305 imago
2882 1250 2905 1274 .

772 1318 953 1400 Hoc
1011 1322 1262 1430 igitur
1320 1318 1779 1434 epithetum
1850 1320 1927 1400 in
1992 1316 2246 1401 cauffa
2297 1314 2492 1411 est,
2586 1338 2728 1398 cur
2775 1319 2972 1402 deus
3037 1319 3498 1414 Mercurius

524 1432 909 1526 Terminus
968 1444 1229 1530 dietus
1280 1445 1429 1546 fir,
1493 1446 1829 1560 quodi
1781 1442 2190 1528 simulacra
2250 1445 2425 1525 eius
2479 1442 2643 1524 vias
2705 1449 2785 1526 δε
2854 1440 3170 1529 semitas
3233 1458 3504 1537 termi-

524 1595 868 1666 narent,
937 1599 1034 1652 ex
1097 1596 1449 1686 utroque
1503 1572 1757 1657 latere
1819 1569 2217 1655 collocata
2269 1570 2615 1651 viatores
2680 1570 2782 1653 ad
2846 1574 3243 1657 terminum
3308 1574 3498 1663 suae

522 1698 1198 1807 peregrinationis
1262 1700 1768 1813 dirigerent,
1832 1700 2208 1813 viamque
2258 1696 2673 1779 Mercurio
2713 1699 2924 1785 duce
2997 1701 3496 1789 commostra-

521 1888 705 1948 rent
767 1927 792 1952 .
880 1869 1088 1952 Vide
1147 1871 1527 1955 Natalem
1581 1870 1996 1955 Comitem
2049 1928 2087 1971 ,
2157 1863 2516 1983 aliosque
2572 1925 2600 1952 .
2661 1868 2952 1983 Iraque
3033 1877 3489 1957 mnffiss

516 2039 825 2150 agada,
880 2037 1364 2140 immobilis,
1430 2063 1820 2142 truncus,
1883 2039 2337 2137 terminus,
2400 2037 2484 2123 id
2552 2036 2662 2123 est
2725 2037 2971 2123 statua
3051 2042 3498 2144 Mercurii,

526 2190 689 2275 qua
738 2172 911 2247 viae
972 2164 1666 2267 terminabantur,
1733 2168 1813 2248 in
1863 2166 2108 2249 deum
2194 2157 2620 2247 Ter-minam
2690 2164 2905 2279 apud
2987 2168 3352 2250 Graecos
3410 2171 3493 2250 &

520 2285 933 2374 Romanos
984 2292 1336 2380 tranfiit.
1403 2293 1692 2374 Neutri
1743 2316 2012 2375 tamen
2073 2284 2431 2374 sciebant
2488 2289 2647 2371 hoc
2691 2314 2994 2374 numen
3031 2294 3135 2375 ab
3179 2290 3496 2405 epithe·
3525 2309 3530 2315 ’

523 2435 649 2495 to
672 2420 1108 2514 Mercurii,
1136 2418 1355 2523 stans
1381 2477 1407 2516 ,
1468 2420 2014 2527 contemplans,
2073 2416 2517 2517 immobilis,
2581 2445 2722 2501 non
2772 2417 3161 2501 ambulans
3217 2479 3243 2518 ,
3309 2444 3492 2530 pro-

519 2542 866 2627 cedere.
935 2546 1388 2630 Mercurius
1449 2545 1672 2627 enim
1720 2545 1906 2626 ideo
1954 2543 2350 2630 immobilis
2390 2542 2689 2627 dicitur
2749 2602 2775 2643 ,
2813 2547 3026 2656 quia
3080 2541 3296 2657 apud
3351 2546 3496 2627 In·

515 2666 663 2750 dos
719 2693 806 2751 ut
869 2672 1469 2784 contemplator
1531 2671 1966 2756 exhibetur
2008 2736 2028 2757 .
2095 2670 2306 2757 Vide
2361 2695 2565 2780 opus
2605 2663 3134 2780 inscriptum:
3209 2672 3308 2749 Le
3326 2669 3494 2777 ptt·

515 2810 684 2874 ture
737 2795 1030 2877 antiche
1086 2799 1174 2878 Αἱ
1221 2800 1629 2881 Ercolano.
1696 2797 1990 2908 Napoli
2051 2805 2322 2901 1765.
2380 2815 2556 2877 tom.
2588 2821 2676 2900 4.
2725 2793 2886 2876 tab.
2919 2811 3112 2877 XLV.

516 3035 555 3061 ,,
653 2987 797 3045 12.
884 2969 1287 3046 ‹vusscffiss
1361 2960 1743 3048 Samanda
1795 2956 2103 3094 ubique
2171 2957 2631 3075 praesens,
2691 2961 2968 3043 omnia
3042 2950 3392 3043 invisens
3453 3016 3490 3062 ,

517 3159 809 3218 omnes
866 3131 1149 3215 mundi
1212 3131 1485 3245 plagas
1551 3125 1984 3246 inspiciens
2044 3195 2074 3231 ,
2161 3089 2472 3218 caelum
2540 3190 2568 3231 ,
2632 3154 2923 3214 terram
2983 3185 3009 3226 ,
3075 3089 3494 3216 infernum

519 3283 954 3375 penetrans
1024 3281 1114 3341 ut
1167 3258 1511 3342 deorum
1562 3258 1945 3372 legatus,
2004 3281 2146 3342 aut
2211 3285 2299 3342 ut
2354 3254 2638 3343 censor
2672 3259 2745 3338 81
2786 3253 3027 3337 iudex
3061 3248 3496 3344 hominnm

520 3388 826 3471 animas
880 3387 962 3464 in
1027 3385 1339 3468 caelum
1401 3408 1543 3467 aut
1602 3381 2021 3470 infernum
2080 3382 2499 3496 relegans.
2566 3382 2776 3470 Vide
2836 3376 3068 3489 supra
3117 3405 3293 3496 pag.
3344 3408 3486 3489 13.

517 3510 839 3625 Virgilii
896 3504 1210 3593 versum
1246 3570 1272 3611 ,
1334 3513 1413 3593 &
1451 3538 1632 3625 pag.
1680 3539 1814 3622 14.
1863 3515 1946 3597 P.
1991 3511 2245 3594 Marci
2300 3539 2347 3595 a
2415 3510 2742 3591 Tumba
2801 3531 3113 3590 textum
3151 3560 3172 3583 .

646 3707 680 3764 ι
706 3707 786 3786 3.
881 3683 1133 3788 3238
1208 3661 1521 3788 Bhadra
1553 3741 1579 3782 ,
1645 3680 1918 3778 bonus,
1977 3682 2344 3768 excellens
2377 3739 2402 3780 ,
2468 3678 2685 3763 unde
2710 3672 3207 3787 Talapoinus
3244 3672 3493 3756 Dher-

514 3829 1059 3959 marigiaguru
1110 3844 1342 3967 supra
1379 3874 1559 3963 pag.
1602 3875 1635 3932 1
1665 3875 1763 3952 ς..
1808 3843 2084 3933 scribit
2120 3880 2146 3932 2
2212 3840 2369 3934 All'
2400 3849 2780 3952 eccellentc
2840 3844 2962 3927 dio
3029 3844 3370 3926 Gadaum
3417 3845 3489 3927 la

504 3973 815 4089 protesto
863 3974 931 4055 le
975 3977 1120 4062 mie
1174 3975 1621 4064 adorazt'oni
1648 4039 1673 4061 .

647 4173 787 4254 14.
873 4156 1355 4244 Stenas&
1434 4137 1868 4257 Bhagav'an
1930 4144 2155 4257 filix
2206 4204 2234 4244 ,
2303 4144 2568 4228 beatus
2617 4198 2644 4240 ,
2680 4140 2994 4248 stannus
3052 4196 3079 4238 ,
3140 4135 3486 4249 Orpheo

507 4317 824 4403 beatus.
888 4313 1098 4400 Vide
1151 4342 1335 4426 pag.
1382 4343 1584 4423 13,
1645 4307 1746 4396 ό*
1775 4338 1867 4425 p.
1914 4344 2054 4424 14.
2110 4316 2576 4400 orationem
2641 4303 3487 4416 Indico-Peguanam‚

513 4448 766 4527 Nam
813 4433 1000 4558 uffa
1074 4443 1504 4552 Bhagava·

432 4583 436 4590 ’
518 4641 531 4672 »,
643 4640 783 4718 15
870 4578 1438 4738 Δσωρἓδ
1503 4605 1911 4786 Maragit,
1969 4610 2328 4722 cupidini)
2369 4603 2658 4705 vinu,
2754 4610 3078 4689 ΔΕΜ
3170 4598 3397 4689 Mara
3459 4659 3490 4707 ς

512 4824 763 4939 cupido
791 4887 823 4932 ,
877 4792 1016 4951 Q
1036 4841 1165 4916 ωε
1236 4826 1434 4947 gil,
1454 4827 1792 4915 viHor.
1857 4821 2295 4937 Cupidinem
2340 4823 2588 4910 eodem
2643 4821 2764 4908 die
2817 4840 3040 4907 natus
3110 4816 3484 4929 palaestra

3354 4983 3486 5093 st..
