4299 5782
809 315 913 401 2³2
939 340 981 394 2

800 445 980 524 iutc
1047 459 1189 517 nos
1241 435 1326 519 in
1382 403 1793 548 systemate
1849 425 2390 519 Brahtnanico
2434 457 2616 545 pag.
2653 440 2796 541 79'.
2846 423 2949 515 ὁ
2979 434 3204 545 seq.,
3269 435 3347 517 δε
3408 415 3635 546 supra
3695 427 3785 552 in
3930 468 3971 480 ‘

815 566 977 648 hoc
1009 588 1258 674 opere
1281 586 1465 670 pag.
1517 589 1708 663 109.
1750 553 2021 668 ἀμφ.
2058 615 2085 654 ,
2123 557 2790 668 defenderimus,
2830 558 3501 664 Vishnuvlndicum
3536 558 3786 642 deum

810 688 1264 804 symbolum
1294 712 1540 796 aquae
1571 681 1784 784 effe,
1849 683 2073 794 quod
2130 683 2700 776 Indiadorant
2735 742 2756 765 .
2818 683 3132 769 Vishnu
3190 683 3323 768 dei
3380 681 3787 795 insignia,

814 839 1025 934 quac
1078 814 1443 895 manibus
1506 812 1769 918 gerit,
1832 807 2577 905 color,.attributa
2617 874 2638 909 ‚
2706 808 3087 908 fabulae,
3149 809 3395 907 libri,
3463 803 3785 924 symbo-

809 944 886 1024 la
926 1000 946 1033 ,
1009 938 1260 1034 ritus,
1315 932 1552 1027 festa,
1607 932 2003 1018 hodierni
2058 936 2138 1014 δε
2208 955 2529 1020 veteres
2560 938 2789 1047 Magi
2849 933 3004 1018 hoc
3067 930 3243 1017 satis
3309 959 3585 1046 aperte
3641 932 3790 1017 do-

814 1088 1008 1149 cent
1047 1123 1068 1145 .
1132 1062 1343 1149 Vide
1426 1060 1694 1170 Lopes
1743 1119 1769 1159 ,
1844 1060 2102 1144 indiae
2184 1060 2589 1147 orientalis
2644 1079 2945 1171 partem
2974 1061 3425 1174 stptimam,
3490 1061 3572 1140 iu
3628 1083 3791 1172 qua

819 1191 1164 1306 Georgii
1263 1186 1633 1298 Spilbergl
1683 1244 1708 1283 ,
1792 1191 1869 1268 δι
1934 1177 2264 1297 Caspari
2326 1185 2553 1301 Balby
2614 1189 3169 1296 navigationes
3235 1211 3453 1267 anno
3525 1208 3788 1297 1579.

809 1319 902 1398 vin
961 1313 1269 1396 Indiam
1333 1315 1409 1392 δε
1513 1337 1858 1421 regnum
1917 1318 2108 1419 Pegu
2183 1309 2430 1394 facias
2488 1312 2785 1412 tradit,
2840 1312 3265 1396 collectore
3328 1312 3406 1390 δι
3474 1305 3792 1390 editore

818 1438 1179 1526 Iohanne
1242 1435 1709 1519 Theodoro
1783 1439 1858 1516 δι
1934 1434 2294 1516 Iohanne
2362 1432 2639 1519 lsraele
2718 1437 2820 1520 de
2881 1444 3023 1554 Baey
3087 1429 3579 1518 Francofurti
3650 1457 3796 1512 an-

819 1593 933 1650 no
1008 1574 1266 1647 1606.
1316 1562 1475 1646 tab.
1511 1564 1772 1661 XXI„
1808 1562 1944 1642 ubi
1979 1559 2259 1672 festum
2290 1590 2659 1674 aquarum
2723 1588 2769 1643 a
2833 1564 3233 1673 Peguanis
3289 1567 3547 1666 Sapan·
3589 1556 3792 1637 Dai-

828 1691 953 1776 cbe
1017 1689 1320 1772 dietum
1373 1688 1470 1770 'in
1530 1712 1791 1801 regno
1857 1694 2044 1796 Pegu
2103 1684 2495 1770 celebrari
2563 1683 2822 1770 asserir
2868 1748 2894 1786 ,
2959 1689 3132 1768 eius
3188 1689 3433 1769 ritum
3492 1675 3787 1765 descri-

820 1815 1007 1914 bit,
1058 1839 1160 1902 ae
1228 1811 1551 1896 tabulae
1611 1836 1893 1895 aereae
1960 1808 2299 1895 incisum
2362 1810 2695 1896 exhibet
2734 1871 2755 1892 .
2825 1811 3123 1896 Similis
3197 1811 3301 1894 illi
3371 1806 3567 1891 festo
3634 1806 3790 1888 ho-

822 1940 1151 2023 diedum
1202 1935 1444 2020 exstat
1495 1943 1574 2019 in
1637 1935 2089 2021 'Malabart'a
2153 1942 2357 2020 ritus
2393 1998 2418 2032 ,
2486 1965 2653 2053 quo
2673 1935 2950 2049 festum
3001 1966 3371 2051 aquarum
3429 1932 3789 2017 celebra·

824 2087 1008 2163 tur,
1076 2059 1326 2145 solent
1388 2065 1606 2144 enim
1671 2063 2228 2170 Malabareqfes
2291 2064 2467 2145 Indi
2528 2125 2553 2164 ,
2623 2060 2674 2147 fi
2746 2061 2957 2147 bene
3027 2064 3355 2147 memini
3416 2114 3443 2158 ,
3507 2049 3785 2141 mense

824 2186 1185 2300 Augusto
1242 2190 1640 2270 lnumeras
1708 2191 2036 2304 cymbas
2082 2192 2163 2270 in
2239 2216 2489 2272 unum
2547 2193 2844 2272 flumen
2896 2215 3192 2301 cogere
3262 2246 3288 2284 ,
3364 2188 3457 2268 iis
3511 2183 3794 2267 decet·

826 2339 1057 2412 tare,
1125 2317 1419 2394 flumen
1488 2339 2014 2425 percurrere,
2079 2308 2522 2428 spectacula
2571 2320 2647 2395 δι
2718 2313 2952 2397 ludos
3012 2317 3093 2395 in
3159 2314 3387 2426 aquis
3457 2307 3796 2391 exhibe·

821 2465 912 2522 re
952 2497 977 2536 ,
1047 2440 1124 2518 in
1200 2439 1294 2518 iis
1351 2435 1712 2534 lustrari,
1765 2433 2073 2550 aspergi
2132 2497 2158 2535 ,
2212 2444 2293 2523 δε
2365 2438 2636 2523 Vishnu
2691 2441 2937 2526 deum
3005 2443 3200 2522 totis
3268 2438 3550 2520 animis
3596 2460 3794 2516 con-

826 2564 1234 2652 celebrate
1262 2626 1281 2646 .
1341 2558 1589 2674 Quod
1627 2587 1849 2646 certe
1888 2565 2192 2648 indicat
2225 2623 2252 2663 ,
2303 2565 2575 2648 Visbnu
2607 2565 2850 2649 deum
2886 2564 3106 2647 Indis
3140 2562 3242 2646 ab
3273 2561 3510 2644 initio
3543 2558 3795 2641 deum

825 2712 1218 2800 aquarum
1292 2692 1740 2794 restorem,
1809 2688 2086 2772 mundi
2157 2716 2258 2771 ex
2314 2715 2523 2804 aqua
2583 2691 3086 2796 conditorem
3147 2715 3240 2771 ac
3297 2680 3788 2804 servatorem

689 2887 698 2893 .
830 2807 1296 2926 fignificasse
1355 2872 1380 2913 ,
1443 2814 1982 2927 eumdemque
2040 2812 2479 2899 hodiedum
2551 2814 2990 2928 significare
3031 2872 3053 2897 .
3121 2813 3537 2929 Quocirco
3603 2833 3725 2893 rot
3763 2868 3792 2910 ,

829 2962 1152 3037 tantae,
1217 2944 1294 3020 δι
1347 2963 1506 3021 tam
1576 2936 1884 3024 sanetae
1956 2968 2240 3024 eorum
2309 2940 2808 3025 lustrationes
2877 2946 2957 3022 δε
3025 2935 3629 3051 purificationes
3696 2938 3788 3019 in

825 3065 1062 3175 aquis
1091 3122 1116 3161 ,
1178 3087 1403 3146 tanta
1444 3068 1524 3145 in
1559 3066 1830 3148 Indiae
1862 3058 2237 3177 Gangem,
2300 3075 2624 3149 Yamuna
2664 3128 2687 3166 ,
2732 3068 2985 3149 Calint'
3012 3125 3037 3163 ,
3100 3060 3390 3159 vaa„
3434 3059 3739 3143 Krshna
3767 3121 3792 3158 ,

826 3182 1168 3284 Cave‘rl,
1226 3186 1542 3305 aliaque
1589 3192 1920 3273 flumina
1974 3196 2436 3292 veneratio,
2491 3194 2592 3276 de
2658 3220 2819 3301 qua
2870 3194 3185 3302 egimus
3237 3184 3464 3298 supra
3501 3188 3582 3267 in
3621 3183 3789 3272 hoc

826 3337 1077 3423 opere
1119 3304 1292 3424 pag.
1335 3341 1366 3393 r
1396 3342 1431 3415 5
1454 3338 1531 3419 3.
1582 3344 1612 3395 1
1644 3342 1778 3422 54.
1819 3345 1850 3397 r
1881 3344 1914 3418 5
1945 3344 2020 3417 ς.
2052 3314 2152 3398 όν
2164 3343 2339 3426 pag.
2383 3346 2526 3425 97.
2560 3316 2659 3400 όν
2666 3319 2832 3430 seq.
2868 3321 3092 3399 Haec
3127 3316 3592 3397 Indicorum
3630 3313 3791 3395 via·

828 3454 1099 3519 torum
1179 3464 1420 3520 nemo
1484 3437 1744 3522 adhuc
1812 3441 2373 3525 animadvertit
2417 3501 2444 3541 ,
2541 3445 2732 3558 quia
2788 3443 2984 3527 dum
3058 3466 3352 3552 corpus
3411 3438 3495 3520 in
3551 3435 3787 3521 IndIa

832 3552 1247 3659 versatur,
1309 3588 1861 3646 mens-eorum
1926 3567 2405 3680 plerumque
2469 3572 2695 3652 omni
2756 3563 3307 3684 mythologiae
3366 3561 3620 3646 studio
3653 3560 3793 3644 de·

823 3682 1100 3769 'stituta
1135 3742 1162 3781 ,
1225 3687 1308 3766 in
1354 3684 1531 3768 'aliis
1584 3711 1842 3771 terrae
1894 3690 2255 3802 partibus
2315 3717 2647 3803 vagatur
2682 3753 2705 3791 ,
2768 3699 2843 3793 βε
2878 3694 3069 3775 dum
3107 3720 3253 3791 ea,
3314 3715 3525 3804 quae
3553 3712 3787 3799 prae·
3896 3724 3905 3729 ·

826 3802 1084 3892 sentia
1145 3802 1324 3892 sunt
1381 3836 1475 3893 ac
1531 3836 1795 3895 coram
1859 3812 2420 3917 circumstant,
2481 3818 2873 3928 negligit,
2918 3820 3789 3931 longinquavenatur,

828 3929 1287 4033 collustrat,
1356 3935 1819 4037 coordinat,
1876 3935 2322 4023 scrutatur.
2388 3936 2734 4027 Numini
2793 3944 3073 4027 Indico
3125 4004 3150 4043 ,
3218 3942 3439 4056 quod
3487 3935 3787 4022 descri-

824 4056 1179 4168 pfimus,
1241 4058 1449 4142 duae
1497 4061 1793 4145 adstant
1852 4066 1932 4145 in
1994 4059 2331 4148 sacrario
2385 4069 2800 4179 Borgiano
2862 4094 3146 4152 uxores
3214 4071 3482 4177 capite
3538 4088 3779 4146 tutu-

825 4183 1040 4280 late,
1098 4183 1467 4266 mamillis
1526 4187 1866 4298 turgidis
1908 4246 1933 4287 ,
1989 4214 2224 4272 manu
2272 4192 2601 4275 dextera
2663 4197 2890 4275 lotum
2952 4220 3209 4308 aquae
3276 4190 3777 4308 symbolum,

822 4304 1041 4389 foliis
1103 4335 1262 4391 non
1331 4313 1625 4422 apertis
1694 4310 2135 4422 gestantes,
2201 4313 2660 4429 vestemque
2731 4320 3090 4403 Indicam
3158 4342 3379 4402 more
3430 4316 3781 4400 femina-

821 4456 1002 4513 rum
1054 4460 1245 4517 orae
1304 4430 1683 4517 Piscariae
1746 4431 1878 4519 seu
1932 4447 2236 4521 Par-ava
2269 4444 2792 4527 varicolorem
2829 4446 3163 4528 indutae
3195 4503 3219 4528 .
3288 4447 3572 4528 Venus
3612 4460 3775 4526 una

822 4555 933 4639 est
963 4614 988 4654 ,
1050 4557 1297 4641 altera
1330 4559 1610 4640 Tellus
1645 4619 1668 4655 ,
1731 4588 2017 4671 nempe
2059 4589 2215 4646 una
2251 4567 2689 4668 Laekshml‘,
2737 4596 2945 4686 quae
2982 4572 3262 4655 eadem
3298 4597 3391 4654 ac
3437 4573 3717 4654 Venus
3747 4627 3775 4666 ,

819 4682 1047 4788 098,
1111 4685 1426 4779 Ceres,
1490 4684 1741 4793 prima
1788 4686 1921 4768 dei
1988 4690 2259 4771 Vishnu
2318 4716 2563 4801 uxor,
2612 4694 2865 4780 altera
2901 4692 3352 4783 Rhamide‘v!
3406 4690 3539 4782 se'u
3572 4697 3769 4780 Tel·

819 4802 1018 4947 luris
1069 4801 1222 4897 dea
1253 4863 1281 4909 ,
1337 4833 1519 4891 nam
1570 4807 1823 4898 hhumi
1883 4836 2091 4903 terra
2156 4813 2264 4901 est
2300 4869 2329 4916 ,
2367 4815 2587 4905 Dssvl
2628 4844 2900 4908 autem
2950 4825 3103 4912 dea
3133 4878 3157 4911 .
3213 4822 3346 4912 Ad
3392 4820 3620 4925 solii,
3676 4827 3766 4907 in

829 4976 838 4989 “
975 4974 982 4981 “
3603 4975 3777 5073 quo
