4299 5782
843 314 961 393 66

834 431 975 518 seu
1032 421 1547 515 filentiarium
1599 426 2378 542 contemplatorem,
2434 452 2527 513 ae
2585 422 3039 540 magistrum
3076 408 3409 525 Raimae3
3459 422 3597 511 seu
3619 427 3825 516 Bae·

838 559 976 645 chi
1030 558 1370 641 iunioris
1416 579 2028 667 praeceptorem
2080 550 2232 639 effe
2292 554 2536 641 docet
2573 616 2593 635 .
2650 556 2773 638 Ibi
2826 554 3076 637 multa
3116 552 3644 671 destellarum
3685 555 3822 645 ,hi-

837 683 1091 768 storiis
1150 683 1573 766 traduntur
1605 740 1629 765 .
1694 680 1905 763 Vide
1935 680 3013 790 Macrobiumlib.1.·8aturn.
3042 704 3197 788 cap.
3233 686 3309 763 8.
3344 674 3440 762 (θ’
3474 706 3635 790 cap.
3685 710 3715 761 1
3742 716 3825 788 9.

836 810 978 894 ubi
1011 811 1506 893 Mercurium
1530 804 1888 891 virilibus
1916 807 2198 889 creetis
2225 805 2606 916 insignem
2629 834 2878 917 rerum
2869 804 3207 909 satorem
3235 800 3657 906 describit,
3690 802 3826 891 sed

833 961 1023 1019 cum
1074 929 1238 1015 sole
1282 917 2008 1019 confundit-‘Indi
2069 954 2159 1013 ut
2214 931 2576 1015 Budham
2634 926 2860 1013 suum
2909 926 3202 1015 rerum
3244 929 3586 1035 statorem
3665 928 3826 1017 eise

834 1055 1768 1157 demonstrenr‚Budham
1788 1051 1922 1139 seu
1952 1057 2451 1141 Mercurium
2481 1054 3016 1173 nymphaeam
3060 1081 3216 1139 una
3239 1078 3377 1140 aut
3417 1055 3822 1153 ambabus

740 1258 773 1289 f·
836 1186 1211 1268 manibus
1283 1180 1722 1295 gestantem
1772 1179 2169 1265 exhibent
2206 1239 2230 1264 .
2297 1182 2509 1267 Vide
2545 1185 2627 1264 in
2664 1177 2857 1295 Syst.
2889 1179 3429 1267 Brahmanico
3479 1180 3641 1264 tab.
3676 1201 3820 1265 xx.

826 1308 1089 1393 Budha
1150 1311 1231 1392 in
1276 1308 1546 1416 templo
1598 1308 1966 1417 Iagarnat
1999 1362 2022 1387 .
2091 1308 2251 1389 Hic
2306 1307 2522 1392 idem
2586 1307 2666 1389 in
2732 1305 2908 1391 loto
2964 1303 3098 1393 seu
3139 1304 3593 1422 nymphaea
3629 1342 3684 1404 ‚·
3718 1332 3823 1390 ex

694 1502 707 1505 -
833 1431 1178 1516 humore
1243 1437 1322 1515 δι
1383 1432 1642 1516 calore
1701 1431 1967 1514 omnis
2004 1433 2569 1542 generationis
2633 1433 3020 1517 terrestris
3074 1426 3444 1546 symbolo
3492 1431 3824 1540 &prin-

832 1560 1051 1670 cipio
1113 1617 1167 1655 ,‚
1230 1552 1569 1640 subinde
1657 1550 2076 1640 decuffatis
2179 1553 2526 1668 pedibus
2604 1551 2888 1676 sedens
2940 1616 2966 1655 ‚
3065 1559 3253 1641 alias
3350 1559 3427 1644 in
3524 1554 3813 1649 eadem

832 1682 1012 1766 loto
1079 1680 1283 1766 stans
1329 1676 1825 1765 exhibetur.
1889 1678 2022 1763 Ad
2076 1678 2234 1764 hoc
2292 1679 2750 1791 epithetum
2815 1680 3143 1764 uberius
3200 1678 3808 1782 illustrandum,

834 1801 1351 1920 inspiciamus
1397 1807 1765 1920 quinque
1816 1801 2155 1916 insignia
2185 1800 2434 1892 musei
2469 1802 3284 1921 Borgiani·Budhae·,
3344 1806 3808 1906 Godamae,
3886 1810 3890 1814 ’

839 1937 919 2016 &
970 1931 1204 2017 Po-hi
1274 1927 1623 2015 Sineniis
1689 1927 2165 2014 simulacra.

1091 2060 1333 2139 Num.
1371 2056 1469 2139 1.-
1568 2047 1898 2139 Godama
1962 2063 2430 2171 Peguanus.
2492 2054 3028 2144 Simulacrum
3082 2051 3208 2141 est
3254 2079 3362 2149 ex
3403 2078 3817 2141 marmore

838 2179 1085 2281 albe,
1153 2206 1455 2288 numen
1523 2180 1793 2265 colore
1841 2206 2119 2264 aureo
2159 2206 2421 2265 totum
2478 2184 2989 2279 inauratum,
3051 2176 3208 2271 bas
3212 2205 3248 2263 s
3289 2176 3423 2261 cui
3483 2177 3814 2282 infida,

836 2307 1054 2390 lotus
1121 2280 1396 2390 colore
1475 2299 1733 2389 rubeo
1817 2306 2067 2389 tincta
2127 2362 2149 2385 .
2213 2307 2591 2391 Godatna
2645 2301 2991 2420 pedibus
3041 2297 3465 2389 decussatis
3520 2303 3818 2390 inloto

836 2423 1127 2515 sedens
1185 2454 1526 2541 corpore
1582 2427 1907 2531 nudus,
1966 2425 2299 2513 auribus
2360 2431 2635 2542 longis
2684 2435 2764 2514 &
2821 2456 3048 2514 more
3103 2429 3394 2522 Indico
3426 2427 3814 2541 pertufis,

818 2561 1124 2639 'zonam
1190 2551 1793 2665 Brahmanteam
1872 2550 2300 2666 magisterii
2365 2550 2819 2674 symbolum
2876 2614 2904 2656 ‚
2968 2580 3194 2651 more
3258 2553 3544 2637 Indico
3599 2612 3628 2653 ‚
3728 2576 3820 2639 ut

839 2688 1049 2763 Guru
1107 2674 1246 2787 seu
1307 2676 1676 2793 magister
1716 2739 1755 2778 ,2
1799 2704 1903 2763 ex
1968 2678 2311 2764 humero
2372 2679 2861 2793 pendentem
2921 2676 3227 2794 gestat.
3313 2677 3594 2762 Oculis
3665 2677 3821 2773 de,-

830 2801 1024 2918 fixis
1059 2807 1137 2887 δι
1164 2804 1561 2914 meditans
1597 2799 2259 2916 repraesentatur.
2293 2800 2571 2890 Simile
2595 2803 2700 2888 est
2737 2804 2926 2891 huic
2945 2805 3285 2889 alterum
3310 2800 3813 2896 fimulacrum

838 2933 1170 3041 Peguan
1186 2937 1316 3012 um
1354 2958 1454 3015 ex
1492 2930 1829 3046 plumbo
1860 2920 1890 3029 ,’
1952 2930 2176 3046 quod
2208 2929 2579 3016 dedimus
2602 2928 2697 3014 ›ln
2752 2931 2931 3048 Syll.
2956 2930 3258 3027 Brahm.
3292 2929 3578 3015 tab.xv.
3612 2928 3692 3012 b.

1090 3057 1335 3148 Num.
1375 3058 1480 3137 11.
1602 3057 1879 3140 Amida
1924 3056 2121 3140 Ruth
2190 3057 2613 3168 lapponlcus
2644 3114 2669 3141 .
2733 3054 3170 3169 Templum
3235 3048 3372 3140 seu
3440 3049 3816 3138 sacellum

817 3173 1149 3262 bivalve
1200 3180 1439 3262 intus·
1476 3181 1985 3290 inauratum,
2048 3179 2246 3265 foris
2281 3183 2606 3266 vernice
2643 3183 2874 3291 nigra
2911 3182 3205 3264 illitum
3239 3238 3261 3262 .
3325 3180 3595 3263 Amida
3618 3179 3814 3262 Ruth

834 3299 977 3385 stat
1040 3301 1384 3414 pedibus
1436 3293 1670 3387 nudis
1717 3307 1809 3385 in·
1861 3305 2083 3404 loto,
2151 3302 2376 3388 foliis
2429 3304 2718 3414 ligneis
2778 3305 3001 3390 flavo
3078 3309 3156 3388 δε
3240 3305 3476 3388 viridi
3537 3301 3816 3388 colore

668 3451 685 3458 ·
834 3429 1160 3512 ιίηᾶἱς.
1234 3425 1487 3513 Veste·
1526 3427 1895 3514 induitur
1944 3427 2193 3542 longa
2241 3428 2569 3543 pallium
2637 3426 3083 3514 exhibente
3140 3419 3187 3529 ‚'
3249 3435 3423 3543 quo
3468 3421 3815 3541 philoso-

828 3550 972 3665 phi
1040 3547 1578 3666 Iapponenses
1630 3555 2133 3639 amiciuntur
2168 3619 2189 3641 .
2225 3547 2661 3667 -Capititio
2725 3550 2860 3638 seu
2919 3555 3134 3667 pileo
3184 3556 3550 3666 operitur
3591 3554 3816 3637 eolo·

831 3678 946 3761 ris
1005 3679 1418 3779 caerulei,
1480 3674 1694 3764 facie
1764 3674 2404 3779 meditabunda‚
2473 3675 2712 3764 manu
2746 3680 3033 3765 dextra
3068 3674 3462 3792 expansa,
3525 3674 3816 3763 sinistra

833 3827 1031 3887 vero
1089 3800 1470 3913 protensa
1540 3803 1920 3892 docentis
1975 3829 2120 3890 aut
2190 3803 2871 3985 loquentisinstar
2901 3805 3241 3920 palmam
3278 3827 3560 3888 manus
3595 3828 3858 3889 mon··

837 3922 1161 4014 strando
1204 3922 1709 4014 exhibetur
2515 3981 2520 3990 -
3511 3969 3516 3978 ·

1064 4059 1323 4158 Num
1356 4053 1501 4139 111.
1627 4049 1970 4140 Samarra
2034 4054 2516 4165 dianiensis.
2573 4053 2867 4164 Figura
2931 4080 3033 4137 ex
3099 4055 3281 4138 imo
3339 4057 3808 4167 prominens

820 4173 1123 4280 <basso
1163 4181 1568 4284 rilievo)
1641 4184 1751 4264 in
1815 4191 2079 4265 terra
2124 4187 2351 4266 costa
2452 4182 2816 4263 inaurata
2894 4179 3139 4263 deum
3195 4180 3812 4266 samanaeodam

822 4303 911 4386 id
978 4305 1139 4409 est,
1192 4306 1451 4396 deum
1498 4307 1809 4422 genium
1857 4306 2193 4391 saumana
2255 4309 2340 4391 in
2401 4301 2612 4388 bati
2593 4361 2620 4403 ‚
2678 4303 2784 4388 ad
2846 4302 2994 4388 loti
3043 4304 3400 4391 formam
3471 4303 3815 4391 fabrefa-

826 4431 1002 4529 cta,
1064 4427 1482 4521 sedentem
1553 4432 1951 4525 exhibet.
2020 4430 2276 4517 Sedet
2344 4455 2645 4514 numen
2711 4425 3082 4544 pedibus·
3106 4427 3579 4531 demirans,
3641 4453 3815 4546 quo

819 4577 1050 4637 more
1116 4552 1345 4670 supra
1401 4560 1698 4648 storeas
1750 4555 2050 4646 sedent
2096 4558 2286 4642 Indi
2344 4572 2636 4641 omnes
2688 4615 2713 4657 ‚
2803 4582 3037 4642 aures
3124 4558 3332 4670 gerit
3394 4551 3813 4668 protensas

678 4755 687 4766 „
826 4701 920 4764 ut
963 4677 1206 4778 Indi,
1270 4678 1570 4772 faeiem
1626 4684 1979 4797 exhibet
2030 4683 2749 4787 meditabundam,
2811 4684 3455 4799 cogitationibus
3514 4710 3609 4766 ac
3666 4697 3816 4764 eu-

825 4806 933 4890 ris
994 4801 1377 4917 plenam-t
1449 4809 1990 4932 abutroque
2028 4813 2612 4910 latereeczin·
2651 4806 3026 4929 suprema
3087 4815 3315 4931 parte
3371 4805 3611 4899 radiis
3669 4803 3829 4887 seu·

820 4953 1126 5021 mnata
1177 4933 1590 5060 cingitur,
2012 4985 2021 4994 -
2853 5013 2866 5026 s
3511 4978 3520 4992 .
3563 4933 3810 5017 Num.
