4299 5782
897 298 1064 413 238
1553 363 1564 380 ‚

890 432 1411 522 exhibuimus
1464 425 1549 523 in
1605 423 2015 557 systemate
2048 425 2584 526 Brahm'anico
2636 441 3028 555 pag.177‘.
3082 434 3492 526 tab-xxrm
3571 423 3870 523 Similis
3948 517 3956 524 .

903 557 1079 645 fere
1149 556 1343 647 huic
1403 626 1426 665 ,
1508 592 1748 680 quam
1814 565 1999 652 heic
2089 567 2459 653 dedimus
2521 627 2548 668 ,
2638 568 2748 653 est
2831 561 3261 679 descriptio
3333 564 3627 650 montis
3695 564 3871 646 Me-

903 718 1044 786 m,
1099 687 1435 774 Paradifi
1478 750 1505 793 ‚
1562 698 1638 775 δι
1685 690 1990 778 Inferni
2070 694 2286 809 apud
2382 690 2923 810 Iaponnenses
2980 750 3011 772 2
3092 690 3300 775 Vide
3357 687 3570 803 apud
3622 691 3895 810 Fran-⁶

905 809 1203 896 ciscum
1261 818 1653 901 Pivatium
1713 843 1903 904 tom.
1938 827 2017 906 8.
2109 797 2505 906 didionari
2545 820 2947 935 stientg’ficl
3007 844 3190 932 pag.
3255 824 3450 921 ²09·
3521 812 3674 897 tab.
3727 837 3872 921 42.

870 941 1027 1054 fig.
1075 969 1146 1022 1.
1214 940 1355 1025 ubi
1412 947 1762 1029 Pivatius
1820 953 1921 1033 'ex
1974 949 2424 1058 Kaemphero
2477 1008 2504 1047 ,
2564 948 3064 1061 legationum
3132 945 3616 1028 Batavarum
3712 933 3871 1056 syl·

898 1064 1150 1176 loge,
1211 1089 1319 1148 ex
1371 1073 1454 1152 P.
1495 1078 1877 1155 Guzmano
1966 1077 2046 1157 δε
2127 1072 2700 1186 theologorum
2780 1066 3391 1185 Iapponenfium
3468 1061 3872 1172 sententia

900 1191 1183 1277 mundi
1235 1214 1342 1276 ex
1393 1199 1622 1310 aquis
1676 1199 1973 1298 creati,
2031 1204 2108 1282 δι
2166 1204 2397 1315 aquis
2461 1199 2764 1312 expiati
2830 1198 3268 1306 imaginem
3344 1186 3580 1277 affert
3633 1249 3654 1271 .
3728 1187 3875 1273 Ar·

902 1313 1108 1418 bor,
1161 1312 1297 1402 seu
1366 1319 1674 1405 arboris
1742 1347 2076 1409 truncus
2129 1349 2419 1410 terram
2455 1386 2481 1426 ,
2561 1331 2640 1410 δι
2707 1346 3067 1407 montem
3164 1321 3384 1405 Mera
3464 1313 3871 1400 exhibens

900 1467 1006 1526 ex
1068 1446 1304 1561 aquis
1352 1447 1799 1546 attollitur,
1848 1452 2191 1567 eiusque
2255 1453 2463 1566 apici
2528 1450 2814 1537 infidet
2868 1442 3435 1561 lapponnenfis
3493 1444 3690 1526 deus
3727 1445 3871 1522 Ca·

893 1595 1094 1665 mn,
1160 1572 1299 1685 qui
1360 1572 1576 1655 idem
1628 1575 1866 1685 plane
1927 1575 2035 1661 est
2090 1603 2185 1661 ac
2247 1578 2571 1662 Indicus
2614 1580 2817 1662 deus
2878 1575 3148 1657 Visbnu
3199 1595 3585 1686 aquarum
3637 1590 3869 1680 prae·
3936 1601 3943 1610 ·

895 1687 1068 1792 ses,
1111 1697 1190 1777 δι
1233 1700 1495 1780 rector
1538 1755 1566 1781 .
1634 1700 1869 1784 Stant
1941 1705 2188 1788 etiam
2242 1705 2325 1786 in
2392 1729 2497 1785 eo
2570 1701 2981 1787 simulacro
3062 1698 3163 1783 ad
3236 1698 3485 1780 latera
3564 1691 3869 1777 montis

889 1825 1120 1904 Mem
1157 1829 1322 1903 ‘seu
1377 1823 1685 1907 arboris
1753 1847 2129 1910 truncum
2177 1891 2201 1928 ,
2266 1826 2461 1912 boni
2499 1831 2842 1943 malique
2904 1827 3094 1939 geni
3140 1821 3558 1933 strpentem
3603 1821 3871 1914 vitae,

894 1945 976 2025 δε
1034 1946 1312 2030 mortis
1371 1942 1878 2061 symbolum,
1966 1956 2225 2038 monti
2301 1956 2519 2036 Mer-u
2600 1951 3237 2064 circumplexum
3309 1970 3536 2031 motu
3619 1935 3869 2028 celeri

743 2116 756 2124 Ι
897 2069 1591 2184 circumagentes,
1643 2078 1722 2156 ἃ
1778 2073 2357 2188 perfricantes‚
2418 2107 2506 2163 ut
2537 2084 2756 2178 vita,
2810 2082 2891 2163 δι
2924 2097 3235 2176 morte,
3283 2071 3870 2186 generatione,

890 2196 973 2273 δι
1029 2198 1551 2306 corruptione
1601 2225 1874 2283 rerum
1960 2204 2357 2289 mundum
2414 2203 2895 2298 conservent
2950 2263 2977 2304 ,
3065 2207 3140 2286 &t
3228 2200 3466 2285 bonis
3535 2195 3874 2311 quidem

891 2315 1361 2404 hominibus
1423 2325 1720 2424 vitam,
1783 2327 2010 2411 malis
2069 2355 2414 2413 mortem
2470 2329 2983 2415 constitutam
3028 2322 3182 2411 esse
3232 2319 3641 2408 indicent.
3701 2316 3871 2401 Ad·

893 2466 1115 2527 natat
1165 2448 1244 2527 in
1291 2472 1387 2534 ea
1433 2447 1703 2532 tabula
1753 2449 1883 2531 Sol
1922 2454 2004 2533 in
2063 2456 2298 2566 aquis
2353 2510 2380 2551 ,
2478 2450 2824 2569 supremi
2893 2454 3024 2537 dei
3126 2446 3578 2568 symbolum
3646 2448 3866 2530 vitae

890 2561 1249 2656 servator
1296 2630 1323 2671 ,
1413 2576 1492 2655 δι
1555 2570 1993 2658 destructor
2057 2633 2084 2675 ‚
2173 2580 2436 2692 omnis
2517 2579 3071 2692 generationis
3158 2581 3237 2660 &
3325 2569 3871 2682 corruptionis

888 2700 1220 2783 auctor.
1283 2699 1571 2814 Itaque
1625 2702 1915 2783 montis
1981 2700 2203 2785 Mera
2260 2699 2580 2822 fabula,
2641 2709 2718 2788 δι
2759 2702 3138 2817 allegoria
3172 2762 3200 2799 ,
3268 2703 3387 2786 uti
3443 2699 3545 2783 ad
3611 2699 3872 2780 Grae·

885 2845 1030 2904 cos
1079 2881 1107 2917 ‚
1170 2823 1283 2906 ita
1336 2823 1434 2914 ad
1502 2819 1856 2910 Avenses
1887 2886 1913 2928 ‚
1965 2828 2394 2939 Peguanos
2425 2826 2957 2945 „sianienses
2995 2887 3019 2931 ‚
3070 2831 3497 2925 sinenses‚
3550 2829 3631 2913 δε
3692 2825 3872 2937 Iap-

886 2942 1290 3057 ponenses
1351 2951 1510 3032 iam
1563 2949 2075 3035 remotiflimo
2140 2980 2510 3067 ternpore
2569 2959 3024 3072 penetravit
3091 3013 3116 3037 .
3220 2955 3309 3035 In
3378 2952 3530 3036 hac
3585 2950 3869 3033 indico·

893 3063 1260 3161 Tibetana
1323 3075 1605 3160 mundi
1663 3074 1935 3170 tabula
1984 3105 2086 3169 ex
2141 3078 2420 3165 museo
2481 3086 2899 3198 Borgiano
2962 3077 3324 3195 prolata,
3388 3076 3488 3162 ad
3554 3094 3870 3191 partem

890 3240 1199 3324 'montis
1261 3242 1485 3328 Mer-u
1551 3241 1965 3331 australem
2034 3248 2177 3335 stat
2241 3250 2586 3337 celebris
2654 3256 2785 3339 illa
2842 3247 3084 3338 arbor
3149 3265 3481 3337 :asma
3554 3240 3870 3329 Ciamba

838 3410 1126 3522 ,origo
1177 3406 1376 3495 boni
1414 3415 1494 3493 &
1549 3416 1736 3501 tnali
1766 3477 1794 3517 ‚
1857 3422 2068 3506 vitae
2119 3424 2201 3504 δε
2254 3421 2593 3524 mortis,
2659 3424 2901 3508 arbor
2975 3413 3477 3537 paradyfiaca
3530 3473 3557 3512 ,
3620 3410 3862 3499 arbos

886 3531 1232 3618 iustitiae
1286 3542 1367 3620 δε
1425 3534 1885 3645 firmitatis,
1953 3540 2209 3630 cauffa
2270 3545 2669 3633 bellorum
2726 3556 2939 3634 inter
2999 3548 3263 3631 bonos
3316 3546 3394 3625 δι
3442 3542 3865 3657 malos-ge-

889 3659 1132 3759 nios,
1194 3660 1434 3744 arbor
1488 3667 1852 3781 denique
1918 3673 2542 3760 immortalitatis
2601 3735 2628 3776 ,
2732 3679 2965 3763 euius
3029 3672 3335 3757 fruetus
3399 3666 3659 3755 edunt
3716 3667 3863 3751 Ti·

733 3808 748 3821 ‘
889 3781 1170 3869 betani
1211 3787 1463 3870 Labae
1517 3785 1651 3874 seu
1710 3792 1822 3875 dii
1882 3796 2569 3911 contemplatores
2627 3800 2851 3887 beati
2914 3860 2943 3902 ‚
3034 3803 3113 3882 δε
3191 3794 3453 3881 Indici
3502 3791 3639 3876 dei
3707 3797 3861 3875 De.

883 3958 1170 4069 vaguel
1194 3955 1383 4041 disti
1415 3952 1591 4043 ,Ab
1629 3984 1726 4044 ea
1800 3992 1936 4045 oen
1965 3976 2065 4082 g,
2097 3980 2191 4046 13³
2220 3972 2263 4049 8
2334 3970 2604 4053 amr-da
2652 3966 2790 4055 seu
2843 3970 3474 4057 immortalitatis
3503 3932 3860 4064 dunum:

879 4116 1356 4226 descendit,
1420 4131 1642 4243 quod
1702 4131 1943 4219 Sinict'
1986 4136 2529 4247 Imperatores
2591 4141 3009 4227 commistis
3072 4147 3321 4233 etiam
3387 4146 3683 4257 pelago
3708 4160 3853 4224 „na-

880 4246 1118 4331 vibus
1180 4254 1335 4335 iam
1405 4284 1597 4338 anno
1665 4283 1851 4341 aoo.
1894 4316 1920 4356 ,
1984 4262 2063 4366 dt
2111 4290 2308 4345 anno
2369 4292 2568 4368 157.
2619 4292 2812 4354 ante
2865 4295 3128 4355 aeram
3185 4273 3597 4387 vulgarem
3682 4262 3843 4352 acri
3937 4331 3948 4343 ·

879 4368 1134 4459 studio
1204 4376 1753 4489 quaesierant.
1813 4382 2023 4469 Vide
2076 4380 2404 4501 systema
2466 4388 3076 4485 Brahmanieum
3130 4424 3313 4515 pag.
3358 4405 3558 4509 289.
3621 4399 3843 4480 Haec

872 4495 1115 4605 arbor
1200 4502 1511 4590 Ciamba
1586 4510 1672 4591 in
1765 4506 1974 4594 hoe·
2009 4536 2552 4601 monumento
2642 4521 3052 4642 Borgiano
3154 4552 3383 4618 extra
3448 4522 3843 4613 circulum

3614 4668 3835 4731 mun·

865 4782 1218 4894 ..dabiram
1249 4788 1278 4857 ἓ
1323 4789 1458 4903 Cur:
1481 4796 1571 4862 ad
1598 4814 1832 4869 ceteros
1854 4803 2303 4895 Pythagoreos?
2426 4811 2746 4897 Amptiis
2776 4776 3203 4887 nectantibus
3234 4864 3259 4896 ‚
3304 4841 3507 4910 aeque
3554 4847 3629 4893 ac
3656 4820 3838 4890 urah-

869 4879 1030 4987 the
1053 4883 1386 4948 Platonem
1437 4885 1649 4972 rpsum
1697 4893 1762 4955 in
1820 4895 2068 4963 Ίῖηυιεο
2116 4900 2186 4966 ὅ(
2217 4903 2304 4978 ,in
2358 4976 2363 4979 .
2432 4902 2722 4969 manibus
2752 4900 3183 4996 pbilofhpbike
3212 4904 3489 4989 stultum
3544 4960 3566 4994 ‚
3619 4921 3691 4983 ὰ
3737 4928 3831 4979 re-

861 4967 1168 5040 amobe
1195 5018 1223 5054 ,
1248 4973 1631 5046 Strabonem
1680 4979 1927 5067 tta-17.
1952 4983 2024 5059 ό·
2047 5006 2156 5075 ις.
2194 4983 2307 5057 ubi
2426 5011 2571 5063 rum
2617 4990 2960 5079 caelatum
2998 4999 3338 5090 scientiam
3384 5000 3677 5082 adscribit
3705 5044 3737 5073 ι-
