4299 5782
509 452 646 540 dei
713 446 944 570 supra
1005 454 1086 540 in
1152 455 1415 569 primo
1477 374 1761 541 satu-*exzo
1828 456 2246 573 Borgiano
2306 451 2705 540 exstantes
2774 457 2980 551 ,.&‘
3022 455 3182 540 iam
3259 348 3500 556 sulpit-2

510 576 1000 695 descriptas,
1066 586 1364 696 quibus
1427 581 1855 693 inspectas,
1922 582 2105 670 sane
2177 609 2386 696 pene
2452 577 2931 691 impoffibile
3018 576 3125 666 est
3198 577 3290 682 in,
3339 576 3492 658 Kr-

514 704 715 791 shna
774 710 934 793 deo
989 707 1450 820 Apollinem
1525 739 1684 793 non
1742 708 2220 823 d‘gnoscere
2260 773 2285 808 ‚
2391 709 2849 795 dummodo
2919 707 3168 794 vestes
3235 705 3313 783 ssc
3368 727 3504 784 or-

366 894 377 905 .
520 858 950 935 namenta‚
1013 860 1223 948 quae
1288 838 1557 919 Indica
1596 832 1834 937 sunt,
1898 866 1943 920 a
1985 835 2260 921 tabula
2297 836 2701 948 Apollinis
2740 836 3045 919 Graeci
3079 826 3504 951 secernas.

438 1038 445 1045 .
516 957 887 1044 Krshnae
949 961 1210 1043 Indici
1289 962 1419 1045 dei
1513 962 2017 1047 theodotiani
2080 964 2543 1046 Indicorum
2606 970 3011 1072 Magorum
3083 982 3498 1044 commen-

525 1108 697 1168 tum
761 1083 963 1184 effe,
1032 1088 1358 1171 Indicus
1413 1113 1684 1173 textus
1765 1087 1929 1201 ipse
2012 1086 2197 1173 satis
2277 1091 2586 1174 indicat
2650 1147 2673 1171 .
2743 1090 3054 1171 All'ora
3113 1086 3178 1167 li
3228 1078 3503 1193 Maghl

506 1212 901 1322 perfitrono
960 1208 1092 1295 all'
1122 1216 1422 1298 accordo
1461 1216 1791 1326 fhttogll
1848 1219 1957 1302 ,da
2014 1217 2318 1315 Krshna
2368 1210 2533 1300 &aa
2604 1218 3000 1299 Ceterum
3034 1275 3056 1310 ,
3099 1234 3187 1294 ut
3251 1211 3511 1290 laurus

524 1338 636 1419 ob
697 1340 1073 1422 medendi
1127 1342 1705 1452 proprietatem
1759 1341 2120 1454 Apollini
2194 1337 2565 1455 Sospitali
2640 1335 2858 1424 sacra
2936 1337 3097 1422 fuit
3159 1393 3187 1435 ,
3283 1334 3512 1448 quod

527 1457 692 1577 ipse
770 1465 1132 1562 medicae
1202 1468 1390 1550 artis
1467 1470 1770 1580 primus
1833 1464 2241 1551 institutor
2295 1471 2373 1550 δι
2436 1462 2796 1550 salutifer
2883 1460 3036 1548 esse
3132 1460 3513 1544 credere-

533 1611 726 1689 tur,
792 1591 904 1672 ita
961 1590 1198 1673 arbor
1248 1594 1641 1692 Cianana,
1708 1591 1866 1677 hoc
1929 1593 2120 1693 est,
2217 1595 2457 1678 arbor
2533 1592 2833 1676 Santali
2894 1592 3053 1674 deo
3136 1584 3512 1670 Krshnae
3603 1672 3613 1683 ,

534 1708 750 1805 sacra
812 1712 973 1815 est,
1038 1719 1233 1833 quia
1291 1721 1547 1861 pultis
1607 1719 1810 1831 ligni
1875 1716 2275 1805 Santalini
2325 1744 2535 1835 aqua
2582 1718 2884 1801 dilutus
2956 1720 3033 1800 δι
3100 1711 3356 1797 fronti
3423 1713 3512 1795 il·

530 1841 726 1924 litus
782 1840 1111 1927 dolores
1179 1846 1462 1957 capitis
1514 1840 1803 1946 sedat,
1864 1846 2132 1931 febres
2172 1843 2452 1958 pellit,
2514 1870 2813 1957 corpus
2844 1865 3287 1954 temperat
3353 1841 3520 1923 Pri·

537 1994 664 2050 ma
723 1964 830 2049 est
879 1967 1082 2051 haec
1150 1969 1536 2054 Indorum
1592 1974 1953 2057 exterior
2009 1972 2460 2054 medicina.
2529 1968 2847 2054 Confer
2909 1968 3012 2052 dc
3053 1967 3357 2054 virtute
3423 1966 3524 2047 li·
3583 2016 3590 2021 ·

541 2095 680 2203 gni
737 2093 1127 2175 Santalini
1184 2095 1320 2176 lib.
1386 2092 1920 2209 inscriptum,
1983 2098 2369 2209 Chirurgt’e
2421 2099 2768 2205 complete
2798 2094 3133 2201 stoivant
3187 2092 3256 2173 le
3294 2089 3524 2209 [βέ-

534 2246 651 2300 me
718 2221 846 2299 des
900 2221 1292 2303 Modernes
1354 2247 1551 2305 tom.
1602 2254 1681 2307 2.
1741 2249 1791 2305 a
1840 2229 2059 2308 Paris
2137 2250 2403 2331 1744.
2454 2245 2634 2334 pag.
2684 2250 2933 2330 504„
2995 2224 3074 2301 &
3130 2217 3232 2301 de
3291 2220 3525 2305 lauro

522 2369 706 2458 pag.
739 2372 948 2450 477
1008 2352 1273 2449 478..

788 2473 881 2553 In
940 2470 1159 2555 hunc
1221 2474 1471 2586 igitur
1538 2473 1847 2558 arboris
1909 2440 2212 2561 Santal)
2278 2497 2659 2557 truncum
2717 2472 2849 2558 dei
2902 2469 3276 2557 Krshnae
3337 2456 3524 2555 cor-

537 2622 686 2709 pus
755 2594 1227 2684 conversum
1282 2598 1504 2700 fuit,
1567 2603 1792 2717 quod
1838 2605 1922 2684 in
1971 2606 2304 2687 fluvium
2365 2599 3167 2696 Yamunainiectum,
3231 2591 3526 2680 secun·
3607 2660 3616 2667 .

540 2721 649 2802 do
694 2724 1024 2806 flumine
1086 2753 1234 2837 per
1280 2725 1566 2808 ostium
1633 2730 2120 2840 Gangeticum
2177 2730 2258 2810 in
2323 2730 2603 2815 urbem
2663 2730 3029 2835 lugat-nat
3054 2724 3518 2819 demetunt,

543 2843 661 2928 ibi
731 2842 874 2931 sub
934 2845 1194 2933 forma
1252 2854 1520 2936 trunci
1573 2849 2020 2937 hodiedum
2090 2852 2438 2937 colitur
2508 2856 2736 2936 Hanc
2777 2850 3133 2934 Indicam
3169 2844 3531 2931 fabulam

545 2967 942 3090 Aegyptii
1011 2969 1466 3059 sacerdotes
1523 2978 1628 3059 ab
1676 2979 1978 3062 Indicis
2043 2978 2310 3090 Magis
2398 3000 2814 3087 acceptam
2878 2972 3210 3060 Ofiridis
3282 2971 3530 3056 cada-

496 3109 499 3112 ‘
550 3101 720 3179 veri
778 3124 1010 3181 arcae
1060 3097 1368 3185 incluso
1429 3127 1678 3215 atque
1744 3131 1890 3217 per
1953 3102 2375 3188 Tamtt'cum
2430 3102 2680 3208 qstium
2744 3103 2853 3186 ad
2906 3102 3170 3185 Nilum
3254 3096 3534 3182 delato

546 3215 1094 3309 affinxerunt.
1156 3233 1279 3329 (1)
1308 3228 1511 3311 Vide
1542 3229 2055 3315 Plutarchum
2103 3232 2205 3315 de
2268 3226 2461 3312 lfide
2509 3253 2590 3337 p.
2626 3255 2826 3338 349.
2874 3255 3075 3335 350.
3104 3227 3281 3310 edit.
3305 3222 3538 3329 Part's

544 3348 755 3434 Vide
813 3355 1114 3464 pariter
1170 3350 1568 3439 Sonuerat
1611 3376 1787 3440 tom.
1833 3377 1901 3438 1.
1947 3382 2123 3468 pag.
2171 3382 2371 3460 30¹·
2407 3403 2431 3454 ς
2498 3356 2633 3437 ubi
2691 3357 2896 3438 hanc
2954 3352 3319 3438 Indicam
3405 3348 3531 3433 fa-

549 3474 824 3559 bulam
890 3476 1253 3564 Krshnae
1335 3479 1466 3565 dei
1556 3509 1740 3565 eum
1838 3483 2223 3566 Mercurii
2290 3480 2629 3566 Budhae
2699 3479 2967 3564 fabula
3036 3474 3532 3572 confundit,

549 3605 628 3682 ee
683 3628 974 3714 corpus
1029 3604 1403 3690 Krshnae
1464 3611 1547 3689 in
1604 3607 1958 3723 lapidem
2032 3600 2504 3694 conversum
2590 3599 2818 3692 fuisse
2890 3595 3156 3691 narrat
3223 3661 3249 3704 ,
3351 3628 3543 3686 cum

557 3747 826 3808 tamen
895 3757 1191 3843 corpus
1254 3733 1555 3816 Budhae
1617 3732 1864 3818 fuerit
1923 3736 2005 3816 in
2067 3733 2418 3847 lapidem
2479 3793 2506 3834 ‚
2571 3734 2652 3816 id
2711 3731 2911 3829 est,
2978 3734 3060 3814 in
3144 3730 3547 3813 terminum

560 3848 1094 3940 conversum.
1161 3858 1489 3941 Rectius
1537 3887 1712 3944 eam
1764 3858 2012 3943 refert
2073 3865 2157 3942 P.
2189 3859 2512 3943 Marcus
2560 3886 2606 3941 a
2664 3857 3067 3941 Tumba
3030 3887 3110 3940 tn
3179 3857 3331 3940 cod.
3390 3848 3549 3966 mffi

555 3972 658 4058 de
718 3975 997 4064 Indiae
1060 3977 1609 4075 saumariis
1672 3989 1744 4069 Il
1798 3986 1882 4068 di
1935 3987 2048 4068 lut
2089 3991 2121 4085 (
2168 3982 2542 4067 Krshnae
2605 3991 2638 4087 )
2693 4007 2899 4091 corpo
2933 3983 3038 4093 fic
3085 3999 3386 4091 portato
3416 3981 3552 4062 dat

555 4129 768 4188 mare
831 4111 863 4205 (
915 4135 1062 4218 per
1121 4105 1313 4191 ostia
1373 4112 1686 4222 Gangis
1756 4119 1787 4209 )
1835 4114 2029 4202 stella
2062 4110 2419 4221 spt’aggt'a
2473 4111 2561 4193 di
2611 4110 3082 4221 Giangranat
3152 4166 3177 4206 ‚
3236 4131 3550 4189 conver·

555 4227 699 4312 tito
751 4227 829 4309 t’n
904 4262 1005 4313 un
1056 4234 1265 4345 legno
1328 4236 1418 4318 de*
1471 4241 1840 4331 Sandalo,
1884 4266 2078 4323 come
2110 4240 2191 4321 d
2161 4235 2274 4354 ff
2236 4236 2378 4342 s
2339 4261 2512 4345 pra
2571 4226 2742 4318 nell'
2761 4235 3004 4345 primo
3032 4234 3237 4345 luogo
3266 4232 3550 4339 stanto-
3621 4245 3624 4248 ’

562 4351 882 4438 Confer
947 4359 1131 4442 cod.
1201 4355 1359 4442 mss.
1430 4365 1507 4443 P.
1568 4362 2025 4476 Ildephonfi
2112 4388 2271 4472 cap.
2313 4390 2395 4466 7.
2482 4365 2575 4444 de
2669 4359 2976 4443 Rrshna
3039 4385 3257 4442 num.
3295 4385 3549 4442 xxxi.

561 4481 777 4564 inter
844 4488 1023 4569 cod.
1089 4484 1265 4568 bibl.
1326 4490 1400 4568 S.
1444 4493 1662 4602 Cong.
1699 4494 1792 4574 de
1823 4498 2023 4600 Prop.
2063 4491 2295 4572 Fide.
2364 4486 2918 4570 Ezourvedam
2954 4504 3133 4567 tom.
3147 4512 3230 4567 2.
3251 4508 3333 4594 p.
3350 4513 3548 4586 150.

573 4633 610 4692 ι
641 4636 675 4711 5
706 4637 782 4689 ι.
857 4612 928 4695 Il
987 4613 1115 4696 vit
1144 4611 1290 4718 stu·
1342 4614 1422 4696 la
1481 4642 1642 4697 mer
1702 4618 1772 4699 Ie
1832 4636 2041 4699 tronc
2091 4610 2169 4699 d'
2189 4614 2413 4697 arbre
2444 4631 2619 4696 tant
2654 4605 2882 4721 dfire‘
2911 4669 2932 4691 .
3000 4610 3164 4693 Et
3141 4638 3225 4696 ιιι
3267 4613 3547 4694 notis:

3451 4741 3556 4818 Le

659 4852 770 4935 (1)
817 4854 1060 4923 Confer
1082 4855 1238 4925 infra
1266 4858 1343 4926 de
1372 4861 1681 4947 Magr‘nst
1644 4857 1887 4938 names
1917 4859 1989 4930 dc
2116 4857 2197 4926 tri
2203 4879 2371 4925 naen
2354 4857 2586 4924 iinalas
2630 4857 2798 4925 orbis
2772 4873 3036 4964 spa-rtet
3067 4874 3129 4921 tr
3098 4878 3211 4924 rna
3171 4854 3338 4920 nism
3320 4856 3546 4940 cgratio

567 4950 688 5012 Per
692 4945 795 5016 fici
779 4968 832 5012 u
862 4968 944 5013 ex
974 4948 1154 5017 libris
1183 4951 1411 5019 Indicis
1441 4973 1508 5020 eo
1514 4949 1710 5042 nafiH
1715 4974 1771 5018 rt
1775 4973 1865 5027 a,
1919 4954 1990 5022 in
2118 4975 2256 5021 non
2280 4949 2627 5023 levibusr
2559 4972 2594 5018 a
2598 4951 2950 5045 rgumentis
2982 4948 3345 5016 stabilitur.

561 5063 675 5128 qui
654 5039 794 5111 ibus
823 5039 935 5106 {nb
966 5046 1112 5127 cyro
1140 5040 1210 5114 ἀ
1236 5041 1522 5139 cambyse
1551 5045 1690 5115 indi
1670 5066 1804 5117 icae
1836 5043 1993 5116 doc-
