4299 5782
515 416 686 498 &tus
723 475 743 508 ‚
807 409 1055 495 affinis
1092 472 1115 509 ,
1152 414 1362 496 ritem
1438 414 1849 513 vinciens,
1893 415 2157 529 ligans
2197 465 2219 503 2
2284 410 2765 522 colligatus·
2815 408 2999 493 Ubi
3064 408 3284 494 vides
3352 422 3490 498 Ar-

504 568 689 651 gum
762 539 1329 622 Brahmanibus
1398 568 1558 623 non
1615 544 1921 624 caelum
1962 608 1984 641 ,
2045 536 2176 623 sed
2233 535 2473 621 solem
2533 533 2978 647 significare
3017 595 3040 618 .

772 671 992 747 Haec
1059 656 1309 774 igitur
1372 661 1547 749 sunt
1612 663 1865 777 prisca
1944 663 2156 749 sacra
2226 669 2718 775 cognomina
2817 661 3057 742 huius
3155 655 3531 790 secundi‘

511 789 852 895 junioris
919 793 1358 889 Mercurii,
1417 797 1556 904 qui
1606 797 1902 904 pariter
1948 792 2160 896 muni
2201 787 2332 873 seu
2383 788 2974 898 contemplator
3008 785 3487 881 silentiarius

519 918 885 1016 dicitur3
946 916 1160 998 unde
1218 943 1550 1001 vocatur
1608 917 2147 1035 Shdkyamuni,
2207 942 2453 1029 atque
2516 915 2616 995 ad
2692 917 3031 996 Veneris
3115 916 3486 1026 planetae

515 1040 899 1126 familiam
937 1108 959 1138 ‚
999 1040 1155 1121 hoc
1189 1041 1345 1139 est,
1402 1045 1501 1127 ad
1559 1042 1850 1139 stellaS,
1899 1040 2196 1155 quibus
2261 1047 2535 1124 Venus
2605 1037 2927 1148 planeta
2996 1039 3303 1147 praest,
3359 1073 3486 1128 re-

516 1167 827 1266 fertur;
913 1169 1301 1282 quocirco
1338 1168 1469 1251 hic
1520 1171 1789 1250 iunior
1825 1171 2276 1253 Mercurius
2334 1167 2633 1249 Veneri
2677 1163 3096 1275 cingulum
3166 1170 3241 1247 δι
3311 1174 3481 1253 Iovi

516 1289 916 1406 sceptrum
991 1289 1436 1403 surripuisse
1494 1291 2017 1402 perhibetur.
2078 1293 2416 1375 Ovidius
2487 1287 2673 1391 Faft.
2734 1292 2785 1374 l.
2849 1319 2924 1387 ς,
2983 1291 3481 1380 Mercurium

519 1417 731 1504 hunc
790 1423 1022 1503 unius
1079 1419 1407 1502 Pleiade's
1462 1416 1716 1504 filium
1788 1413 1938 1503 effe
1989 1419 2293 1506 docet.
2359 1413 2677 1501 Confer
2736 1416 3011 1499 Cicer.
3094 1420 3223 1503 lib.
3257 1448 3337 1527 3.
3394 1424 3500 1504 de·

508 1567 668 1631 nat.
745 1548 941 1629 deor.
3037 1638 3044 1641 ,

554 1662 559 1665 ’
770 1674 891 1754 Ex
962 1672 1085 1756 his
1142 1672 1395 1784 igitur
1447 1673 1612 1756 iam
1664 1663 2174 1784 perspicuum
2247 1664 2402 1765 est,
2469 1693 2753 1750 omnes
2821 1663 3125 1779 priscae
3191 1674 3478 1757 aetatis

520 1799 971 1890 Mercurios
1019 1799 1120 1882 ad
1169 1799 1372 1881 duos
1436 1823 1756 1888 tantum
1813 1796 2130 1908 redigi,
2191 1820 2460 1903 neque
2527 1792 2895 1876 homines
2930 1853 2954 1889 ,
3009 1789 3144 1878 sed
3194 1801 3482 1908 genios

517 1920 803 2022 fuisse,
857 1921 1157 2039 eosque
1218 1924 1319 2007 ad
1373 1925 1561 2007 astra
1598 1983 1622 2022 ‚
1679 1922 1757 2005 id
1828 1919 1936 2006 est
1990 1922 2088 2004 ad
2182 1916 2534 2004 caelestis
2617 1919 2950 2003 militiae
3047 1922 3487 2037 antiquiffi-

521 2079 740 2135 mum
797 2051 1103 2134 cultum
1165 2047 1444 2133 referri
1512 2043 1873 2145 debere,
1941 2045 2022 2126 id
2082 2046 2306 2159 quod
2390 2044 2622 2128 nobis
2703 2047 2807 2129 de
2888 2046 3188 2129 Indicis
3253 2050 3481 2132 codi-

523 2175 809 2273 cibus,
854 2177 996 2289 qui
1054 2200 1216 2259 tam
1276 2171 1624 2286 insignes
1674 2197 1983 2256 veteres
2048 2169 2149 2252 de
2216 2171 2626 2255 Mercurio
2686 2171 3160 2258 traditiones
3215 2178 3484 2261 conti-

520 2324 712 2386 nent
752 2358 778 2402 ,
840 2301 1269 2416 agentibus
1327 2298 1901 2387 ostendendum
1962 2322 2134 2380 erat
2168 2354 2190 2378 .
2236 2301 2380 2417 (1)-

3330 2504 3386 2512 ...α

1460 2484 2288 2640 ’ΝυΜΕΒο
2415 2554 2518 2637 ν.

1664 2803 1914 2887 Codex
1961 2802 2318 2886 Siamt'cus

1206 2972 1309 3044 Ὗ.

521 2941 1064 3164 Compendio
1110 3057 1305 3138 della
1350 3057 1697 3168 religione
1750 3056 1842 3137 de
1914 3056 2226 3166 Siamest
2280 3115 2301 3136 .
2358 3054 2564 3165 Cap.
2599 3081 2632 3139 1
2650 3114 2671 3138 .
2740 3052 3048 3161 Sistema
3103 3058 3229 3140 del
3277 3085 3473 3141 mon-

514 3185 608 3267 do
641 3248 662 3269 .
729 3169 935 3293 Ca‘p.
990 3211 1062 3263 2.
1122 3185 1310 3265 delle
1349 3184 1551 3294 fils?
1606 3180 1943 3268 divinita
2004 3182 2096 3263 de
2155 3182 2195 3263 ἰ
2243 3181 2595 3286 Siamefi.
2647 3187 2852 3292 Cap.
2896 3210 2975 3289 3.
3057 3184 3254 3265 della
3306 3184 3471 3266 dot-

511 3310 719 3392 trina
771 3310 863 3390 de
922 3302 1307 3418 Talapoini
1329 3371 1350 3393 .
1404 3312 1608 3420 Cap.
1646 3336 1730 3416 4.
1794 3313 1887 3391 de
1945 3311 2262 3415 precetti
2310 3310 2508 3391 della
2567 3310 2841 3390 morale
2904 3313 2996 3390 de
3058 3311 3094 3391 i
3114 3310 3424 3416 Siamesi
3438 3369 3464 3393 .

460 3431 463 3432 ⁷
513 3434 807 3517 Codex
858 3433 969 3516 est
1036 3430 1617 3546 manuscriptus
1654 3493 1679 3533 ,
1746 3462 1792 3519 a
1854 3435 2206 3548 quodam
2267 3432 2743 3528 miffionario
2798 3435 3033 3517 Gallo
3095 3432 3467 3517 mistionis

515 3559 881 3644 Gallicae
940 3560 1039 3643 ad
1090 3565 1517 3675 peregrina
1574 3586 1821 3672 regna
1874 3561 2129 3644 distae
2189 3557 2718 3672 compositus.
2792 3561 3068 3643 Paucis
3117 3555 3469 3646 Siamen-
3557 3604 3561 3606 Δ

518 3682 714 3767 fium
776 3684 1261 3797 religionem
1332 3693 1413 3769 δι
1479 3687 1787 3770 cultum
1859 3686 2176 3768 civilem
2227 3681 2411 3768 satis
2460 3686 2624 3768 acri
2687 3684 3065 3782 criterio‚
3136 3687 3215 3765 δε
3272 3686 3484 3776 ἰυάἰ-,

529 3814 661 3890 cio
700 3813 966 3910 tradit
1003 3870 1027 3910 a
1072 3809 1205 3894 sed
1261 3814 1602 3895 Siamica
1670 3808 2056 3928 scriptura
2106 3814 2181 3891 δι
2245 3810 2524 3923 lingua
2563 3836 2725 3893 non
2763 3814 3064 3908 utitur,
3132 3810 3209 3891 id
3246 3813 3470 3925 quod

521 3935 764 4016 huius
822 3932 1144 4047 insignis
1207 3941 1510 4023 codicis
1583 3942 1944 4049 precium
2009 3940 2347 4019 minuit.
2414 3931 2613 4045 Agit
2669 3935 2771 4017 de
2826 3932 3182 4046 paradiso
3240 3965 3467 4019 mon-

513 4063 614 4145 tis
668 4066 894 4145 Meru
932 4121 954 4159 ,
1016 4064 1117 4146 de
1176 4064 1334 4148 deo
1386 4061 1720 4150 Samana‘
1752 4123 1777 4166 ,
1822 4064 1925 4149 de
1981 4058 2318 4148 vaada
2352 4120 2382 4163 ‚
2432 4063 2654 4178 quod
2716 4088 3014 4145 nomen
3082 4086 3463 4170 corrupte

3289 4181 3468 4268 scri-

510 4357 513 4368 '
586 4358 702 4438 (1)
792 4359 929 4420 Hoc
962 4350 1096 4420 fere
1123 4351 1317 4421 modo
1359 4355 1609 4423 Ofiridis
1642 4356 1749 4424 seu
1784 4364 1910 4425 In-
2037 4354 2356 4443 speflione
2384 4352 2540 4418 caeli
2588 4351 2658 4418 &
2711 4367 2897 4413 motu
2947 4346 3216 4413 siderum
3275 4351 3461 4415 omni

504 4447 621 4512 dici
654 4445 887 4513 Sbivaec
916 4446 1014 4512 dei
1048 4489 1069 4519 ‚
1118 4444 1282 4510 Isidis
1311 4444 1416 4512 seu
1442 4445 1734 4514 Bhdvani
1757 4449 1911 4512 deae
2035 4467 2327 4530 tempore
2345 4443 2608 4506 firmiter
2627 4435 3101 4516 credidiffe‚sed
3133 4439 3284 4502 deos
3313 4442 3457 4524 plu·

396 4553 399 4554 ’
500 4537 886 4623 mythologia
921 4581 943 4613 ‚
990 4538 1327 4622 theogonia
1356 4537 1425 4604 δε
1458 4538 1807 4625 apotheosis
1832 4535 1909 4600 ad
2012 4536 2196 4601 iusto
2229 4556 2343 4620 pro
2377 4552 2648 4598 numero
2667 4529 2968 4594 astrorum
2990 4523 3455 4613 miultiplicaffe.

501 4629 653 4693 astra
706 4631 771 4696 ὅ(
817 4647 1076 4694 naturae
1117 4629 1561 4713 phoenomena
1589 4626 1858 4692 refertur
1889 4670 1913 4700 ‚
2038 4628 2245 4710 Igitur
2265 4645 2425 4688 vana
2459 4665 2480 4694 ‚
2527 4620 2978 4684 commentitia
3000 4663 3021 4692 ‚
3064 4616 3213 4684 falsa
3239 4619 3324 4684 est
3350 4621 3465 4686 do·

503 4736 585 4783 ex
611 4740 740 4799 quo
769 4721 893 4784 iam
932 4722 1076 4783 luce
1105 4719 1447 4786 meridiana
1473 4721 1698 4783 clarius
1727 4738 1912 4781 com·
2039 4717 2232 4779 &rina
2263 4715 2619 4778 recentium
2645 4710 3061 4792 impostorum
3115 4756 3137 4788 ,
3185 4713 3296 4795 qui
3330 4711 3456 4774 illis

501 4795 796 4893 probatur
832 4833 848 4874 ε
896 4815 1233 4900 Aegyptios
1256 4857 1276 4889 ‚
1328 4809 1518 4877 lndos
1555 4803 1912 4888 ‚Sinenfes‚
2034 4803 2373 4890 gentibus,
2397 4798 3490 4878 materialismum,naturalismum.

495 4895 847 4966 Tibetanos
870 4922 999 4965 non
1027 4918 1272 4970 tantum
1307 4922 1510 4968 unum
1541 4898 1765 4965 mundi
1791 4918 1909 4982 gu-
2034 4897 2106 4964 ὅ(
2136 4894 2310 4979 quod
2341 4892 2664 4963 absurdius
2695 4890 2822 4968 est,
2865 4890 3246 4959 atheismum
3275 4882 3456 4952 affin-

493 4988 898 5060 bernatorem
926 4990 1183 5079 eiusque
1206 4993 1677 5082 providentiam
1705 5008 1787 5058 ex
1808 4989 1907 5057 iu·
2029 5006 2195 5076 gunt
2216 5030 2240 5056 .
2339 4991 2346 5002 ’
2694 4983 2710 4999 ’
3563 5015 3564 5018 =
