4299 5782
738 354 741 365 .
840 294 1013 393 158

827 404 1234 503 &ionibus
1292 412 1836 501 Brahmanum
1892 411 2322 534 mystarum
2371 413 2667 530 quibus‘
2727 412 2838 497 dii
2892 412 3231 499 c'oleudi⁴
3249 408 3477 517 sun't3
3537 419 3786 507 tradit
3941 522 3960 527 ,

831 541 1209 628 honestae
1256 546 1334 625 δι
1389 543 1738 626 decorae
1795 545 2028 627 vitae
2060 565 2490 655 praecepta
2573 542 2653 621 δι
2710 536 3087 633 consilia;
3144 536 3611 653 praescribit
3661 574 3789 630 re-

841 670 1068 782 gulas
1129 695 1223 752 ac
1290 668 1829 753 institutiones
1880 670 2181 781 cuique
2243 665 2491 750 tribui
2545 664 3049 776 peculiareS,
3109 694 3401 781 corpus
3445 662 3787 757 lustran-

658 800 670 813 ‘
830 797 964 894 di,
1030 795 1377 881 animam
1434 796 1584 877 diis
1644 817 1785 905 per
1823 791 2034 875 bona
2086 816 2331 903 opera
2380 784 2953 889 consecrandi,
3016 818 3160 904 per
3225 791 3778 897 lustrationes,

832 919 1500 1033 purificatione3‚
1563 918 1865 1002 ieiunia
1956 921 2034 1001 δι
2131 911 2511 999 sacrificia
2577 913 2858 1027 Tagam
2908 910 3008 998 ό
3071 911 3394 1000 Ηὸηιαηι
3453 946 3789 1032 peccata

841 1045 1277 1160 expiandi,
1328 1046 1899 1156 delinquentes
1972 1039 2488 1151 corrigendi,
2549 1042 2655 1122 ab
2689 1042 3150 1129 animalium
3208 1071 3301 1127 ac
3353 1048 3785 1158 praecipue

834 1196 1263 1256 vaccarum
1324 1169 1568 1253 caede
1624 1165 2067 1250 abstinendi
2126 1190 2378 1249 artem
2435 1168 2512 1247 δε
2580 1159 2987 1249 scientiam
3045 1174 3367 1280 aperit,
3429 1176 3505 1254 δι
3565 1198 3788 1252 com-

834 1295 1223 1381 mendat.
1292 1295 1722 1378 Delefium
1790 1293 2116 1390 arietis,
2180 1289 2688 1404 aliorumque
2785 1294 3315 1381 animantium
3380 1290 3788 1380 sacrificiis

823 1425 1312 1507 idoneorum
1373 1416 1870 1534 sequendum
1899 1418 2198 1514 docet,
2261 1416 2589 1498 modum
2617 1419 2849 1500 flores
2891 1452 2920 1515 ·,
2966 1415 3270 1503 fructus
3307 1479 3333 1518 ,
3377 1426 3454 1502 &
3499 1420 3785 1504 hostias
3867 1446 3874 1451 ·

814 1547 1165 1645 litandi,
1212 1547 1367 1630 diis
1418 1571 1611 1629 -cara
1659 1540 1989 1626 sacraria
2039 1539 2698 1654 frequentandi,
2769 1538 3120 1657 aliasque
3186 1544 3293 1630 ab
3341 1548 3507 1641 iis,
3508 1561 3516 1569 “
3565 1574 3778 1661 quae

820 1677 904 1756 in
959 1672 1167 1756 libro
1216 1672 1464 1755 Exodi
1512 1674 1590 1752 δε
1647 1668 1988 1752 Levitico
2045 1668 2700 1780 praecipiuntur,
2735 1692 2926 1750 non
2988 1669 3328 1753 multum
3386 1669 3784 1759 absimiles

825 1796 1289 1908 disciplinas
1353 1789 1957 1906 locupletiffima
2009 1795 2381 1880 oratioue
2430 1791 2728 1877 tradit.
2794 1795 3030 1907 Quae
3121 1796 3448 1909 quidem
3508 1825 3783 1885 omnia

756 1978 765 1998 ,
817 1924 1138 2038 planam
1196 1919 1410 2004 illam
1472 1925 1549 2001 δι
1615 1917 1965 2001 stabilem
2026 1914 2507 2001 confirmant
2574 1916 3052 2029 opinionem
3105 1947 3202 2007 ac
3258 1910 3786 2007 ίίειιιειιιὶειιιιό

651 2107 661 2113 -
825 2047 1319 2133 Brahmanes
1382 2045 1627 2130 Indos
1690 2068 2019 2165 gentem
2094 2041 2247 2129 effe
2310 2040 2702 2157 antiquus
2713 2070 2982 2141 mam
3049 2072 3258 2159 quae
3298 2046 3624 2132 multaa
3661 2073 3784 2133 ve·

831 2173 1145 2259 teribus
1215 2170 1697 2262 patriarchis
1754 2170 2209 2271 didicerit,
2290 2192 2373 2255 at
2344 2194 2541 2283 .que
2616 2167 2715 2255 ad
2784 2168 3036 2253 nostra
3103 2165 3394 2285 usque
3413 2197 3783 2284 tempora

828 2298 1127 2403 alacri,
1192 2300 1591 2400 maximo,
1600 2297 1717 2375 &
1782 2284 2400 2382 constantiffimo
2472 2293 2728 2377 studio
2772 2298 3247 2387 retinuerit.
3303 2294 3620 2383 Confer
3659 2305 3787 2416 Sy·

787 2425 1039 2534 stema
1098 2412 1675 2512 ‚Brakmam'cum
1733 2444 1915 2535 pag.
1962 2451 2044 2526 4.
2093 2449 2171 2523 5.
2214 2455 2294 2527 9.
2334 2447 2466 2527 14.
2500 2447 2639 2505 ao.
2685 2447 2821 2504 ιι.
2862 2438 3011 2528 36.
3061 2449 3202 2528 37.
3252 2416 3346 2507 ό
3391 2424 3782 2533 insupple-

817 2573 1121 2644 mento,
1190 2571 1371 2658 pag.
1421 2551 1619 2630 280.
1657 2545 1857 2633 281.
1894 2547 2100 2633 282·
2173 2546 2373 2648 283·
2442 2549 2517 2627 δι
2579 2539 2736 2661 seq·
2797 2547 2979 2636 cod.
3043 2544 3200 2633 mss.
3265 2551 3350 2630 P.
3394 2551 3778 2638 Norberti

813 2706 1056 2790 capp.
1095 2666 1292 2751 Miff.
1337 2672 1585 2756 Pond.
1620 2730 1645 2770 ,
1680 2669 1861 2755 cod.
1898 2665 2059 2756 mffi
2114 2674 2200 2753 P.
2233 2667 2614 2753 Iohannis
2663 2673 2897 2765 Brito
2929 2731 2955 2768 ,
3018 2675 3229 2762 varia
3289 2675 3778 2765 colle&anea

800 2800 1057 2898 musei
1115 2793 1552 2917 Borgiani,
1615 2801 1692 2883 δι
1739 2798 1817 2878 Ρ.
1855 2798 2111 2904 Marci
2172 2796 2325 2885 cod.
2384 2790 2541 2912 mff.
2592 2796 2675 2882 in
2732 2795 2874 2880 fol.
2925 2823 3107 2916 pag.
3158 2823 3360 2905 171.

1750 3044 2544 3138 NUMERO
2671 3050 2837 3138 IV.

803 3194 1081 3389 M
1073 3303 1421 3414 ulpancl
1488 3298 1746 3383 codex
1810 3294 2284 3381 chartaceus
2322 3293 2903 3411 manuscriptus
2934 3302 3305 3392 continet
3340 3299 3537 3388 folia
3572 3328 3772 3418 qua-

801 3456 1053 3530 tuor,
1115 3435 1449 3545 paginas
1505 3429 1749 3518 οὸὶο,
1816 3445 2100 3510 cantus
2171 3417 2307 3504 seu
2367 3426 2625 3515 capita
2679 3428 3098 3543 quinque.
3163 3426 3436 3514 Verso
3470 3428 3576 3513 est
3613 3432 3769 3514 lra-

799 3579 962 3680 lica
1010 3604 1115 3662 ex
1161 3578 1547 3662 idiomate
1598 3568 2027 3686 Indostauo
2068 3572 2284 3656 urbis
2355 3569 2666 3695 ῆῧῆῖ
2697 3587 2925 3663 Patna
2958 3608 3004 3665 a
3039 3586 3122 3665 P.
3152 3582 3429 3666 Marco
3461 3608 3508 3665 a
3533 3586 3775 3666 Τιιιιι.

806 3738 914 3852 lja
966 3740 1141 3821 eius
1201 3736 1421 3822 urbis
1479 3737 1559 3816 δε
1609 3734 1841 3843 regni
1898 3725 2388 3822 Miffionario
2445 3733 2846 3844 perfecta.
2910 3735 3150 3820 Liber
3211 3736 3540 3821 Indicus
3567 3742 3766 3822 Mul·

779 3865 1057 3975 painel,
1119 3865 1350 3945 euius
1407 3859 1778 3944 vocabuli
1855 3878 2188 3971 etymon
2249 3883 2410 3942 non
2468 3853 2802 3943 affertur
2838 3920 2865 3961 ,
2924 3888 2967 3945 a
3034 3867 3115 3945 P.
3151 3864 3429 3946 Marco
3469 3864 3768 3948 dicitur

793 3986 948 4074 else
973 4045 997 4085 ‚
1044 3989 1237 4073 libro
1290 3988 1489 4071 della
1556 3983 1808 4067 radice
1841 4043 1865 4080 ,
1926 4014 1966 4064 o
2031 3983 2219 4068 libro
2271 3984 2396 4065 del
2421 3984 2911 4091 fondamento
2944 4046 2967 4069 .
3035 3992 3112 4069 H
3125 4012 3280 4071 unc
3335 3992 3703 4073 codicem
3738 4048 3768 4090 ,

795 4116 1339 4208 traditamque
1385 4115 1469 4194 in
1533 4137 1637 4193 eo
1693 4106 2138 4191 doctrinam
2209 4109 2695 4219 peculiarem
2767 4107 2919 4193 else
2978 4115 3087 4198 ait
3158 4108 3413 4196 seclae
3482 4118 3753 4225 genti.

788 4241 986 4328 lium
1034 4237 1557 4342 Cabirtsst‘cae,
1617 4231 1751 4318 seu
1826 4255 2096 4316 certae
2161 4229 2823 4344 philosophorum
2863 4235 3125 4332 claffi,
3193 4240 3427 4320 cuius
3458 4244 3760 4351 primus

785 4367 1206 4450 doetrinae
1264 4363 1470 4447 liber
1517 4357 1626 4444 est
1685 4365 2050 4454 sarnam,
2120 4356 2517 4442 secundus
2578 4383 2765 4442 vero
2832 4361 2962 4443 hic
3009 4357 3169 4471 ipsc
3211 4365 3607 4473 Mulpanct'
3656 4366 3759 4448 ab

785 4490 1036 4575 initio
1103 4484 1451 4574 verfibus
1515 4481 1915 4598 scriptus,
1970 4485 2046 4563 &
2105 4510 2320 4567 nunc
2357 4511 2430 4567 ·a·
2486 4487 2567 4565 P.
2599 4484 2875 4569 Marco
2923 4485 3182 4574 soluta
3241 4494 3613 4573 oratione
3671 4495 3757 4575 iu

785 4613 1096 4698 idioma
1161 4612 1531 4696 Italicum
1582 4604 2067 4695 couversuS.
2119 4609 2391 4694 Paullo
2454 4608 2619 4722 post
2678 4613 3000 4695 initium
3067 4615 3178 4695 ita
3240 4610 3756 4728 prosequitur

798 4738 1026 4834 Cabir
1091 4743 1366 4828 auctor
1426 4737 1666 4826 libri:
1734 4730 1827 4821 V'
1845 4763 1975 4819 era
2036 4764 2190 4820 una
2255 4735 2505 4846 nitqfea
2537 4736 2784 4846 finza
2850 4738 3169 4832 materia
3199 4795 3224 4838 ,
3291 4739 3423 4830 fv!
3451 4741 3599 4832 Dio
3625 4743 3763 4851 fe-
3859 4785 3871 4797 ·

3672 4891 3756 4954 00
