4299 5782
1273 361 2206 522 PHILOSOPHM

761 673 1317 799 Cosmogonia
1371 746 1400 788 ‚
1465 679 1610 771 seu
1669 619 1964 778 mundi
2023 677 2355 808 systema
2429 681 2755 776 Indico.

516 809 1071 897 Tibetanum.
1135 811 1470 898 Editum
1511 839 1617 900 ex
1667 815 1897 903 linteo
1950 869 1982 901 .

353 941 364 944 ‘
517 935 680 1026 hoc
724 963 975 1051 opere
1010 994 1034 1021 .

2346 255 2397 276 ,κ

2850 441 3047 527 Ordo
3072 349 3499 554 mastix&-

2888 568 3115 680 glani
3145 571 3494 663 Velitris.

2870 695 3121 781 Num.
3153 723 3205 806 7
3225 725 3300 806 5,

2045 815 2289 921 ‚Vide
2352 807 2395 900 s
2392 839 2591 931 upra
2650 817 2741 904 in

770 1060 1122 1181 Sanycifi‚
1182 1055 1320 1147 seu
1373 1059 1895 1182 philosophus
1949 1065 2281 1154 Indicus
2338 1062 2665 1156 Stoicus
2697 1126 2725 1168 ‚
2850 1071 3101 1186 Num.
3143 1099 3283 1172 29.

515 1189 665 1304 qui
729 1188 1110 1273 omnibus
1194 1189 1443 1275 rebus
1497 1193 2000 1280 terrestribus
2065 1189 2158 1278 se
2247 1191 2653 1281 abdicavit
2694 1249 2725 1294 ,

512 1336 604 1399 et
659 1315 799 1398 uni
856 1340 1122 1400 rerum
1183 1313 1642 1404 caelestium
1664 1320 2181 1407 meditationi
2212 1318 2536 1410 deditus
2572 1318 2736 1407 est.

507 1433 840 1526 Editum
891 1467 995 1526 ex
1039 1440 1333 1557 pletura
1364 1503 1391 1531 .
1454 1444 1670 1533 Vide
1717 1441 2052 1565 systema
2099 1443 2734 1535 Brahmanicum

464 1608 472 1618 ·
493 1589 678 1681 pag.
724 1593 863 1673 50.
888 1565 1045 1649 tab.
1089 1570 1278 1657 VII.

759 1693 1089 1777 Bhikshu
1143 1753 1170 1795 ‚
1260 1692 1415 1780 alia
1493 1687 1701 1781 festa
1758 1688 2317 1811 philosophica
2368 1760 2396 1802 ‚
2493 1699 2734 1787 cuius

508 1817 815 1904 alumni
875 1818 1069 1903 nudi
1130 1820 1675 1923 mendicando
1719 1826 1979 1908 vitam
2029 1848 2289 1933 agunt
2340 1887 2365 1928 ,
2431 1824 2719 1939 rogus,

2860 1699 3111 1792 Num.
3154 1705 3196 1788 ἰ
3216 1721 3301 1813 3.
3330 1708 3483 1812 46.

514 1944 868 2051 Gqsvdmi
887 2003 914 2043 ,
980 1947 1388 2030 Samanael
1414 2005 1442 2046 ,
1501 1949 1582 2031 δε
1635 1943 1838 2034 falso
1887 1948 2205 2062 Faqut'rl
2230 1951 2426 2038 disti
2463 2012 2484 2035 .
2546 1949 2732 2054 Edi·
2774 1930 2793 1949 ⁰

513 2091 686 2156 tum
743 2100 844 2156 ex
882 2071 1180 2179 pr'Hura
1222 2135 1244 2158 .
1305 2068 1511 2184 Vide
1552 2096 1740 2187 pag.
1801 2069 1901 2159 ὰ
1955 2075 2123 2160 tab.
2191 2079 2320 2162 cit.
2570 2065 2579 2074 “

755 2196 981 2280 Idem
1060 2189 1392 2285 Bhikshu
1473 2197 1644 2282 vel-2
1688 2198 2045 2307 Gffvdml
2126 2201 2216 2284 in
2307 2200 2540 2287 India
2611 2195 2738 2288 se-

502 2320 1059 2435 ptemtrionali
1123 2381 1148 2408 .
1211 2327 1320 2405 Hi
1400 2325 1576 2411 veri
1635 2320 1818 2412 sunt
1876 2350 2195 2411 veteres
2251 2328 2488 2440 Magi
2546 2323 2732 2416 solis

2858 2206 3103 2293 Num·
3143 2225 3288 2314 57.
3330 2211 3478 2323 7²³

504 2450 588 2529 ἃ
651 2445 894 2534 lunae
962 2449 1376 2550 cultores,
1441 2452 2198 2576 Gerus-&ignicolae
2246 2453 2436 2538 dieti
2473 2514 2500 2555 ,
2562 2448 2737 2540 solo

502 2570 791 2658 habitu
849 2602 897 2657 a
951 2576 1547 2661 recentioribus
1582 2575 1911 2663 Perficis
1947 2576 2242 2662 Gaubre
2277 2579 2650 2690 ignicolis
2689 2638 2718 2680 ‚
2784 2636 2792 2641 -

387 2727 398 2733 ⁴
502 2701 648 2811 qui
706 2697 1096 2783 Persicum
1160 2705 1524 2787 retinent
1581 2701 1958 2789 vestiendi
2015 2728 2323 2787 morem
2359 2762 2388 2804 ‚
2450 2702 2724 2791 distin-

504 2825 608 2908 &i
644 2882 668 2909 .
729 2827 957 2909 Haec
1017 2821 1224 2911 secia
1286 2825 1479 2911 olim
1526 2829 1607 2911 in
1688 2829 2099 2938 Persidem,
2173 2825 2393 2916 fiber
2444 2889 2469 2929 ‚
2525 2828 2732 2914 sibe-

499 2949 699 3033 riam
726 3007 753 3049 ‚
798 2955 980 3037 Ava
1006 3011 1032 3050 ‚
1080 2958 1274 3065 Pegu
1337 2956 1417 3036 δε
1445 2956 1652 3039 Siam
1683 2955 2142 3066 penetravit
2169 3017 2196 3058 ,
2255 2982 2354 3041 ac
2416 2982 2565 3068 pro
2611 2955 2728 3041 lo·

501 3102 842 3174 corum,
908 3081 987 3162 δε
1048 3081 1423 3190 gentium
1484 3078 1939 3165 diversitate
2027 3074 2213 3168 suae
2308 3082 2724 3166 doetrinae

496 3203 877 3317 dogmata
928 3199 1386 3315 plasmando
1444 3208 1679 3292 variis
1709 3204 1862 3289 illis
1922 3207 2200 3319 regnis
2245 3201 2718 3291 sabaismum

497 3333 580 3416 δι
634 3326 993 3450 symbola
1047 3330 1324 3414 intulit
1367 3337 1547 3433 (1).
1612 3332 2026 3417 ineditum
2086 3360 2190 3420 ex
2239 3332 2595 3444 pt'Hura.

497 3450 506 3459 ’
747 3449 1126 3542 Eiusdem
1156 3450 1629 3574 seciaeguru
1659 3451 1798 3545 seu
1836 3457 2250 3575 magister.
2298 3456 2714 3544 Ineditum
2836 3454 3083 3543 Num.
3125 3481 3268 3566 7²·

495 3607 600 3668 ex
655 3582 962 3699 pictura
998 3642 1022 3667 .
1067 3642 1079 3655 ·
1161 3618 1164 3621 ¹

1775 3705 1989 3797 1i2

585 3950 693 4037 (1)
736 3957 838 4044 De
857 3948 1053 4037 Paerfis
1078 4000 1100 4034 ,
1145 3952 1391 4021 Guaebre
1419 3997 1443 4031 ‚
1488 3953 1597 4020 sen
1623 3950 1912 4038 ignicolit

489 4043 807 4110 hodiernis
834 4090 862 4120 ,
880 4048 992 4128 qui
1015 4067 1187 4112 anno
1215 4044 1431 4111 Christi
1462 4051 1500 4106 6
1511 4066 1543 4130 3
1561 4062 1620 4108 1.
1649 4064 1729 4109 ex
1753 4047 1918 4109 Per-

489 4134 618 4201 fide
642 4133 798 4221 pulsi
828 4137 892 4198 in
929 4135 1177 4203 Indiam
1206 4133 1431 4221 delapsi
1464 4132 1609 4199 sunt
1632 4179 1655 4212 ‚
1701 4153 1774 4200 ac
1799 4135 1914 4199 ho·

486 4224 747 4292 dicdum
783 4242 965 4295 vetus
991 4224 1174 4292 suum
1208 4227 1563 4293 institutum
1617 4226 1685 4289 in
1731 4224 1913 4292 India
1955 4240 1966 4249 ”

484 4315 870 4404 profitentur
893 4362 916 4395 ‚
952 4317 1097 4384 vide
1128 4317 1434 4392 Niebuhr,
1463 4312 1916 4406 Reisebesbrer‘-

480 4406 674 4496 lung-
711 4424 951 4474 roma..
988 4427 1254 4495 pag.43.
1288 4406 1358 4477 &
1389 4405 1511 4492 seq.
1572 4407 1909 4491 Kopenha·

483 4520 611 4584 gen
645 4502 839 4584 1778.
891 4498 968 4563 Hi
998 4499 1308 4582 ignicolae
1339 4496 1559 4564 Persae
1597 4493 1912 4574 Zoroastri

483 4587 822 4676 discipulos
864 4586 928 4653 se
973 4586 1096 4654 effe
1128 4587 1456 4673 perhibent
1482 4633 1506 4667 ‚
1551 4586 1912 4667 summum,

483 4694 819 4745 aeternum
850 4724 874 4754 ,
918 4699 1141 4749 verum
1179 4686 1394 4745 Deum
1450 4675 1566 4743 sub
1624 4676 1909 4756 symbolo

484 4766 647 4853 ignis
674 4768 736 4834 se
758 4771 971 4836 colere
992 4770 1059 4838 δε
1087 4769 1348 4837 adorare
1370 4769 1590 4837 dicunt
1610 4815 1635 4849 ‚
1680 4767 1913 4847 solem,

361 4858 382 4878 ⁰
482 4855 711 4925 lunam
739 4904 760 4937 ‚
807 4860 957 4927 astra
1005 4879 1445 4942 venerantur,
1489 4861 1711 4947 ignem
1767 4879 1913 4947 per-

479 4966 752 5035 petuum
801 4951 867 5015 in
918 4951 1215 5019 domibus
1250 4950 1376 5020 suis
1423 4955 1606 5019 alunt
1630 4997 1656 5034 ,
1699 4963 1914 5037 neque

479 5036 812 5111 caudelam
870 5040 1206 5122 ardentem
1255 5039 1616 5120 insonando
1685 5042 1922 5121 exstin-

2499 3698 2718 3794 Eius·

2038 3973 2243 4042 gnere
2266 3950 2502 4023 volunt
2525 3995 2545 4015 .
2593 3949 2884 4020 Lustrum
2930 3949 2998 4019 se
3020 3948 3087 4017 se
3133 3964 3209 4017 nt
3258 3948 3403 4016 Indi
3444 3968 3472 4018 .·

2041 4044 2389 4112 Vaccinam
2414 4061 2674 4109 carnem
2706 4063 2842 4108 non
2876 4041 3075 4108 edunt
3100 4085 3125 4123 ,
3177 4042 3470 4125 quamvis

2037 4134 2162 4201 hoc
2186 4132 2294 4199 fibi
2329 4131 2576 4199 licitum
2605 4129 2728 4199 effe
2747 4132 2958 4199 dicant
2987 4177 3005 4195 .
3032 4129 3470 4198 Astronomiae

2036 4225 2108 4294 ἃ.
2128 4223 2502 4309 astrologiae
2532 4222 2735 4291 studio
2759 4222 2912 4291 dant
2925 4242 3189 4310 operam
3211 4265 3237 4299 ,
3267 4241 3469 4289 unam

2036 4336 2310 4384 uxorem
2335 4313 2684 4380 admittunt
2716 4358 2742 4392 ‚
2782 4333 2950 4397 quae
2996 4311 3042 4379 fi
3089 4312 3304 4378 sterilis
3338 4310 3413 4376 {it
3437 4355 3466 4389 ‚

2034 4409 2223 4475 aliam
2250 4406 2492 4472 ducunt
2522 4448 2544 4471 .
2591 4402 2893 4489 Quisquis
2942 4403 3195 4469 intento
3241 4401 3464 4468 animo

2035 4520 2107 4566 ea
2132 4495 2355 4563 omnia
2375 4541 2397 4575 ,
2417 4514 2585 4579 qnae
2606 4494 2686 4558 de
2710 4492 3029 4562 veteribus
3050 4492 3121 4559 &
3143 4490 3465 4559 hodiernis

2036 4588 2209 4654 indis
2230 4633 2254 4665 ,
2298 4606 2371 4651 ac
2396 4582 2762 4672 praesertim
2785 4583 2970 4671 snpra
2997 4583 3078 4650 de
3097 4582 3463 4651 Samaeis

2035 4677 2272 4745 Indicis
2299 4674 2667 4744 tradidimus
2697 4722 2721 4754 ‚
2764 4671 3031 4762 perlegit
3056 4720 3078 4751 ,
3121 4672 3466 4745 iamfatile

2034 4765 2330 4859 perspicit
2349 4810 2373 4844 ‚
2416 4767 2579 4832 hane
2637 4783 2916 4837 veterem
2962 4766 3273 4833 Indorum
3320 4759 3464 4835 reli-

2035 4861 2301 4947 gionem
2332 4855 2460 4925 esse
2482 4874 2714 4944 ‚atque
2732 4876 2814 4925 ex
2840 4852 3024 4924 India
3054 4857 3123 4923 in
3151 4853 3464 4921 Persidem

2042 4948 2375 5037 emigrass'e
2391 4995 2416 5029 ‚
2433 4967 2577 5016 tum
2601 4954 2836 5020 iterum
2859 4969 3021 5020 anno
3050 4940 3271 5028 Cbnsts'
3301 4951 3462 5031 631·

2041 5044 2113 5115 in
2145 5040 2401 5117 Indiam
2423 5041 2707 5121 redivisse
2744 5087 2768 5112 .
