4299 5782
845 305 1015 413 178
1585 406 1596 412 ι
2222 349 2229 358 -

643 476 650 483 -
842 417 1066 515 cont.
1129 417 1464 520 Celsum
1517 449 1764 539 pag-5
1808 451 1946 532 17.
2012 423 2209 511 edit.
2255 426 2497 516 Paris.
2556 424 2807 536 Perfice
2830 424 3137 535 statuas
3156 454 3296 511 non
3324 421 3843 512 dedicant.-.;‘

746 565 752 571 ’
841 578 928 643 ut
987 551 1329 668 equidem
1384 552 1629 661 opinor
1683 611 1709 653 ‚
1792 553 1974 666 qula
2037 556 2205 636 deos
2286 548 2429 636 non
2502 557 2807 638 credunt
2872 556 3195 638 humana
3237 556 3486 665 specie
3539 613 3564 650 ‚
3625 581 3823 668 quae

848 691 1291 767 Graecorum
1357 677 1454 783 est
1508 678 1744 791 opinio
1776 739 1800 763 .
1865 676 2149 798 Assyrii
2220 680 2503 794 itaque
2547 741 2572 778 ,
2634 672 2953 766 Arabes
3006 679 3095 765 e't
3173 677 3452 790 Persae
3527 683 3821 777 Solem,

844 815 1137 894 Lunam
1182 865 1211 905 ‚
1269 805 1515 916 ignem
1547 865 1572 906 ,
1625 826 1904 919 aquam
1931 865 1958 905 ,
2016 825 2371 887 naturam
2441 807 2874 891 adorabant
2901 868 2930 908 ,
2993 833 3157 890 nou
3213 829 3484 889 autem
3551 803 3818 887 homi·

845 961 1055 1035 nm,
1115 931 1340 1046 quod
1402 930 1662 1015 noster
1724 958 2139 1044 perperam
2194 935 2434 1015 iactat
2498 931 2783 1018 censor
2850 974 2872 1028 5
2967 957 3052 1018 et
3120 934 3313 1047 quia
3371 932 3548 1015 Indi
3612 932 3817 1014 deos

831 1057 1284 1143 ‘humanam
1337 1055 1687 1169 speciem
1742 1081 1829 1138 et
1888 1055 2229 1140 formam
2286 1055 2517 1170 saepe
2597 1054 2930 1142 induiss‘e
2995 1058 3445 1141 credebant
3510 1116 3535 1155 ‚
3623 1081 3823 1169 que-

852 1184 1370 1268 madmodum
1425 1185 1671 1266 etiam
1723 1181 2164 1294 Aegyptii:
2234 1183 2422 1266 inde
2468 1187 2679 1297 apud
2720 1184 2970 1267 Indos
3013 1180 3278 1295 primo
3325 1181 3824 1297 quidemSa·

839 1303 1199 1408 -baismus
1249 1304 1386 1390 seu
1443 1307 1820 1391 astrorum
1871 1332 1956 1390 et
2015 1333 2350 1392 naturae
2408 1311 2672 1394 cultus
2720 1369 2745 1409 ‚
2807 1311 3103 1392 deinde
3173 1312 3414 1391 etiam
3485 1303 3821 1390 idolola-

843 1438 999 1518 tria
1041 1457 1126 1516 et
1193 1429 1739 1551 symbolorum
1799 1436 2222 1515 veneratio
2287 1459 2567 1517 exorta
2631 1434 2739 1517 est
2800 1493 2823 1514 .
2896 1437 3019 1516 Ne
3089 1459 3359 1515 autem
3424 1432 3819 1514 existimes

849 1553 1119 1641 Persas
1166 1559 1271 1642 ab
1320 1557 1480 1643 hoc
1529 1553 2079 1676 symbolorum
2129 1560 2351 1641 cultu
2427 1561 2661 1673 plane
2746 1563 3147 1640 immunes
3229 1556 3456 1640 fuisse
3515 1615 3539 1638 .
3605 1554 3816 1640 Vide

829 1706 1055 1798 ‘quae
1111 1684 1215 1767 de
1275 1685 1494 1793 Perfis
1545 1685 1763 1766 dicat
1835 1683 2215 1794 Xenophon
2284 1686 2376 1766 de
2430 1687 2604 1802 Cyri
2650 1682 2872 1788 stylit.
2954 1686 3147 1766 edit.
3228 1682 3481 1764 Lond.
3555 1709 3583 1762 ι
3612 1682 3818 1784 738’.

723 1853 732 1863 ·
829 1829 1017 1920 'pag-
1050 1820 1260 1917 464.
1317 1816 1502 1891 Cum
1540 1811 1649 1890 ad
1696 1809 2003 1890 delubra
2063 1815 2097 1910 (
2144 1812 2335 1892 N.ss.
2396 1817 2428 1911 )
2478 1804 2978 1923 perveniffimt
3005 1808 3312 1911 sttcrum
3367 1807 3542 1889 Iovi
3559 1807 3817 1915 ficere

825 1940 881 2038 ⁸(
967 1939 1194 2017 caelo
1254 1941 1351 2037 >2
1418 1934 1680 2016 deinde
1767 1934 1920 2017 Solt’
1985 1932 2357 2038 combustis
2434 1936 2637 2049 equis
2682 1935 2999 2046 'integris
3064 1992 3088 2014 .
3173 1933 3470 2016 Deinde
3541 1927 3822 2013 Telluri

831 2060 1191 2147 mactatis
1230 2058 1466 2165 hostiis
1507 2060 1598 2142 id
1619 2059 1884 2169 fhcere
1933 2061 2134 2171 'quod
2189 2062 2421 2172 Magi
2446 2065 2841 2143 docuerant
2864 2120 2888 2142 .
2954 2053 3319 2140 Delubra
3367 2084 3567 2172 ergo
3593 2117 3618 2154 ,
3680 2055 3815 2138 sta·

825 2201 1091 2282 tuae,
1155 2208 1242 2266 et
1306 2179 1589 2294 specus
1639 2185 2099 2267 Mithriacae
2158 2185 2840 2298 quemadmodum
2900 2187 2980 2264 in
3058 2184 3336 2281 India,
3403 2187 3518 2267 ita
3571 2206 3656 2265 et
3717 2185 3801 2268 iu

791 2307 1150 2410 ¹‚Perside
1218 2307 1684 2407 exstabant,
1749 2312 1940 2424 quia
1996 2305 2210 2419 apud
2268 2311 2549 2393 rudem
2610 2309 2999 2423 populum
3046 2307 3425 2390 astrorum
3476 2333 3596 2398 ¹et
3667 2333 3809 2390 na-

821 2456 1071 2518 ·turae
1142 2431 1406 2522 cultus
1469 2459 1656 2517 cum
1724 2430 2102 2550 symbolis
2163 2455 2250 2513 et
2303 2433 2567 2517 statuis
2628 2433 2842 2549 quasi
2943 2429 3253 2538 semper
3331 2436 3499 2545 pari
3589 2428 3806 2544 passu

823 2557 1337 2643 incedebant
1370 2616 1395 2639 .
1461 2562 1632 2642 Non
1663 2558 1919 2669 facies
1968 2557 2121 2641 tibi
2149 2556 2494 2668 sculptile
2559 2561 2671 2641 ait
2736 2554 3001 2641 Moses
3057 2558 3154 2640 ad
3220 2554 3659 2654 Israelitas,
3723 2585 3813 2643 et

843 2684 1142 2770 iterum
1196 2683 1454 2770 Exodi
1514 2711 1693 2796 cap.
1730 2713 1866 2769 20.
1933 2713 2012 2772 v.
2051 2710 2130 2790 3.
2169 2711 2254 2789 4.
2302 2714 2378 2787 5.
2434 2688 2604 2767 Non
2631 2684 2878 2794 facies
2941 2682 3097 2767 tibi
3117 2679 3507 2793 sculptile,
3569 2712 3806 2794 neque

838 2839 1125 2895 omnem
1159 2807 1735 2919 fimllitudinem
1764 2869 1790 2909 ‚
1855 2838 2049 2923 quae
2118 2806 2216 2913 est
2271 2809 2358 2893 ln
2419 2811 2613 2894 caelo
2660 2807 2953 2917 defiaper
2985 2865 3009 2903 .
3073 2804 3174 2891 ὁ·
3202 2839 3394 2921 quae
3457 2810 3543 2893 in
3598 2830 3811 2893 terra

835 2935 1174 3041 ‘deorficm
1210 2991 1236 3033 ‚
1287 2960 1523 3049 neque
1563 2965 1811 3020 eorum
1871 2964 2064 3049 quae
2082 2936 2277 3041 fiant
2340 2938 2420 3021 t‘n
2462 2936 2680 3046 aquis
2732 2934 2882 3040 fieb
2960 2954 3170 3016 terra
3224 2993 3244 3016 .
3332 2939 3435 3019 Et
3522 2940 3812 3042 Ierem-

839 3088 912 3145 ο.
952 3091 1097 3170 44.
1151 3087 1226 3143 v.
1271 3089 1304 3142 1
1331 3091 1408 3179 7.
1466 3061 1972 3174 Sacrtficemus
2007 3062 2312 3173 reginae
2371 3060 2563 3145 caell
2614 3119 2641 3158 ‚
2699 3056 2799 3142 ὰ
2853 3058 3160 3143 libemus
3235 3060 3311 3143 εἰ
3388 3060 3750 3144 libamina
3781 3123 3808 3148 .

830 3185 1129 3272 Libaut
1191 3212 1383 3272 vero
1439 3191 1685 3271 lunae
1733 3185 2174 3270 hodiedum
2230 3186 2459 3287 Indi,
2521 3184 2715 3267 dum
2749 3186 2825 3267 ei
2859 3183 3285 3268 herbarum
3324 3182 3800 3277 sacrificium

849 3361 1611 3439 ωυυΞΔεςυεῑωΒ
1635 3349 2037 3471 fimaydga
2081 3353 2386 3438 diaum
2437 3346 2800 3436 offerunt
2862 3412 2888 3454 ‚
2984 3340 3095 3436 π’
3148 3354 3346 3438 deae
3402 3352 3744 3441 Pa‘rvade’
3781 3416 3813 3458 ,

837 3548 1050 3637 quae
1117 3525 1400 3606 eadem
1446 3520 1555 3605 est
1609 3526 1818 3603 Luna
1873 3515 2317 3638 symbolica
2371 3579 2398 3620 ,
2491 3523 2883 3635 gallorum
2933 3520 3401 3636 sanguinem
3444 3525 3705 3607 ‘libant
3777 3585 3803 3612 .

833 3646 1047 3731 Vide
1111 3642 1434 3758 systema
1490 3645 2107 3739 Brahmanicum
2154 3670 2435 3753 pag-7.
2481 3673 2621 3752 14.
2666 3677 2807 3752 15.
2868 3649 3177 3757 99·-&
3214 3650 3375 3762 seq.
3443 3650 3802 3737 Rudium

782 3800 785 3804 *
831 3771 1114 3883 itaque
1166 3768 1590 3854 statuarum
1663 3767 1849 3853 usus
1901 3768 2482 3887 antiquiflimus
2555 3772 2715 3873 est,
2776 3801 2869 3858 ac
2920 3777 3211 3856 merito
3247 3774 3346 3858 ad
3398 3780 3806 3860 Pandana-

826 3886 996 3982 'rum
1061 3921 1379 4010 tempus
1436 3899 1662 4002 reiiei
1728 3894 2040 4010 potest,
2105 3923 2273 4009 quo
2328 3923 2412 3981 et
2446 3898 2766 3984 Indicae
2832 3903 3101 4012 gentis
3137 3902 3405 3983 cultus
3436 3906 3798 4012 incepitg

825 4049 1018 4106 cum
1093 4024 1496 4108 Pandavae
1555 4029 1787 4135 equis
1825 4082 1856 4121 ‚
1918 4021 2459 4134 elephantis,
2520 4025 2888 4107 curribus
2941 4079 2972 4121 ,
3066 4009 3347 4136 gladiis
3396 4083 3423 4121 ‚
3485 4022 3798 4136 sagittis

821 4162 1134 4232 manus·
1171 4146 1643 4265 eonseruiffe
1681 4206 1706 4247 ,
1771 4174 1868 4233 ac
1922 4178 2009 4232 ut
2061 4150 2350 4230 strenui
2394 4174 2489 4229 et
2545 4153 2967 4247 citet-citati
3054 4149 3488 4233 bellatores
3565 4179 3798 4261 proe-

821 4270 930 4356 lia·
996 4270 1284 4385 gestisse
1334 4275 1710 4357 dicantur
1766 4276 1850 4354 in
1910 4268 2049 4354 lib.
2113 4268 2595 4362 Yu'dhisbdira
2673 4302 2843 4387 cap.
2931 4304 3014 4379 4.
3097 4276 3358 4385 Sbloga
3422 4305 3501 4379 3.
3559 4308 3642 4383 4.
3710 4308 3794 4382 5.

822 4421 913 4479 et
970 4395 1130 4512 seq.
1196 4401 1461 4482 Paullo
1529 4398 1696 4511 post
1758 4395 1918 4495 hoc
1974 4418 2293 4509 tempus
2349 4406 2561 4483 Ceres
2626 4396 3084 4483 fictitiadea
3110 4401 3468 4485 Athenas
3520 4406 3794 4504 venit,

814 4524 1045 4604 ,Ianus
1107 4522 2071 4633 astronomicum⁵numen
2127 4514 2309 4639 Sosis
2366 4534 2451 4608 et
2507 4529 2760 4611 Lunae
2848 4521 3057 4614 filius
3121 4535 3245 4636 (1)
3324 4531 3408 4612 in
3476 4530 3789 4641 Italiam

1929 4680 1934 4689 ’
2685 4674 2689 4683 ’
2744 4686 2749 4693 ·
3666 4649 3789 4737 ἱὸ-

911 4834 1017 4927 (ι)
1089 4800 1876 4917 systema'ssrasainanleum
1904 4811 2337 4934 paphen&
2362 4844 2503 4937 seq.
2590 4818 2601 4823 ’
2656 4878 2663 4883 ·
2838 4811 2881 4827 μ
