4299 5782
488 460 651 548 tiae
711 427 1287 545 astronomicae
1334 450 1901 551 Inventorem,
1945 444 2171 562 quod
2204 446 2289 531 in
2315 436 2515 532 falso
2578 432 2721 532 suo
2789 443 3201 567 systemate
3273 359 3467 541 «ιιι-

487 585 758 674 tendit
792 588 1063 670 Coutt
1107 577 1211 664 de
1271 574 1689 677 Gebelin3
1754 574 1888 661 sed
1925 574 2289 673 indicat,
2358 573 2855 661 Mercurium
2896 570 3475 691 sacrificiorum⁴
3575 608 3579 613 ·

491 709 647 800 effe
706 713 1173 806 auetorem,
1233 703 1314 789 id
1366 703 1589 818 quod
1665 703 2009 788 credunt
2074 705 2153 784 &
2206 700 2510 785 docent
2565 702 2746 785 Indi
2809 703 3021 815 apud
3105 706 3182 785 P.
3243 705 3475 789 Con·

495 838 930 928 staminum
989 829 1092 917 ab
1148 824 1494 932 Asculo,
1555 827 1948 914 Tibetani
2017 828 2093 910 δι
2148 820 2524 912 Sinenses
2566 883 2589 908 .
2635 829 2844 912 Vide
2901 831 3207 915 Notizie
3249 836 3512 916 Laco··

499 964 709 1052 niche
753 962 853 1048 ad
916 957 1051 1072 fig.
1093 966 1238 1065 36.
1290 960 1369 1038 &
1430 984 1578 1063 41·
1614 950 2142 1068 fragmentum
2179 951 2506 1063 epistolae
2548 949 2956 1039 cuiusdam
3016 952 3480 1044 Miffionarii

452 1086 953 1177 ·Pekinenfis
983 1083 1220 1196 stepra
1282 1084 1655 1167 relatum.
1691 1082 1942 1165 Diod.
1996 1076 2161 1163 Sic.
2220 1078 2349 1163 lib.
2396 1108 2469 1162 1.
2515 1104 2596 1190 p.
2635 1115 2718 1188 9.
2780 1081 2895 1165 ed.
2951 1085 3110 1190 Bas.
3183 1079 3476 1169 Euseb.
3516 1119 3524 1122 ’

404 1200 407 1205 ³
489 1243 753 1332 praep.
802 1220 1105 1325 Evang.
1164 1209 1295 1293 lib.
1342 1238 1415 1295 1.
1473 1204 1522 1322 ξ
1584 1242 1665 1319 9.
1714 1231 1788 1319 p.
1832 1233 1977 1309 31.
2053 1200 2356 1288 Arietis
2433 1208 2653 1288 enim
2714 1207 3161 1293 immolatio
3236 1213 3316 1294 in
3366 1208 3485 1296 sa-

505 1342 830 1431 crificiis
885 1339 1099 1451 apud
1161 1332 1410 1419 Indos
1492 1338 1599 1415 &
1658 1327 1930 1418 Persas
2020 1328 2556 1446 antiquissima
2620 1330 2817 1431 est,
2914 1335 2994 1418 id
3051 1336 3274 1450 quod
3334 1366 3484 1423 nos

505 1470 608 1554 de
680 1462 1071 1554 sacrificio
1122 1461 1668 1551 Brahmanico
1731 1448 2010 1571 Yagam
2050 1478 2393 1569 agentes
2429 1455 3200 1548 demonstravimus.
3270 1465 3487 1550 Vide

474 1593 555 1702 s
513 1594 651 1716 st
719 1590 1289 1677 Brahmam'cum
1351 1612 1649 1700 pag-1.
1716 1591 1794 1670 &
1870 1581 2036 1699 seq.
2097 1589 2178 1667 &
2243 1582 2671 1667 Levltlcum
2729 1582 3045 1696 paflitn.

768 1721 890 1801 Ex
957 1715 1083 1798 his
1142 1717 1386 1799 etiam
1452 1716 1665 1796 tecte
1725 1713 2177 1822 arguitur,
2257 1703 2542 1794 falsum
2605 1706 2758 1794 effe
2819 1705 2990 1811 id,
3056 1715 3294 1860 ’quod
3368 1720 3485 1806 ait

518 1843 917 1954 Beaufhbre
982 1841 1195 1955 apud
1240 1842 1649 1922 auctorem
1690 1835 2280 1944 observationum
2341 1837 2998 1946 ρναεὶἱηιίπανίιιηι
3051 1842 3131 1921 in
3186 1840 3489 1932 librum

514 1960 1070 2059 Ezourvedam
1107 2030 1131 2069 ,
1183 1988 1358 2050 tom.
1404 1994 1478 2048 1.
1531 1989 1614 2075 p.
1651 1992 1689 2068 5
1721 1993 1840 2065 1.,
1918 1961 2298 2046 videlicet
2334 1989 2628 2048 nomen
2670 1965 2973 2063 Budha,
3039 1967 3259 2082 quod
3313 1993 3490 2053 cor-

516 2119 755 2210 rupte
815 2089 1095 2179 scribit
1147 2091 1409 2177 Budda
1473 2090 1600 2173 vel
1658 2093 1952 2189 Butta,
2010 2115 2175 2172 non
2235 2083 2388 2172 esse
2454 2091 2793 2202 originis
2824 2092 3152 2176 Indicae
3188 2153 3212 2177 .
3279 2098 3488 2181 Nam

516 2216 1030 2307 scribendum
1100 2218 1208 2303 est
1246 2216 1552 2315 Budha,
1621 2244 1784 2299 non
1856 2238 2129 2300 autem
2194 2221 2429 2297 Butta
2497 2276 2523 2315 ,
2587 2241 2831 2328 prout
2913 2215 3110 2301 illud
3208 2215 3493 2307 scribit

514 2343 975 2434 Bochartus
1048 2328 1310 2457 Geog'r.
1340 2341 1615 2451 sacrae
1677 2348 1860 2426 Can.
1892 2364 1968 2452 p.
2004 2368 2041 2445 ς
2068 2366 2207 2447 27.
2242 2346 2437 2455 ,qui
2501 2342 2822 2426 nomeni
2859 2346 3116 2428 Budba
3152 2346 3496 2434 derivari
3541 2438 3546 2443 ,

523 2500 759 2591 putat
825 2500 930 2561 ex
990 2475 1323 2557 nomine
1389 2465 1723 2555 Affirico
1775 2477 2135 2557 Butram.
2198 2467 2492 2554 Budha
2523 2523 2553 2568 ‚
2615 2498 2902 2585 mens,
2936 2474 3437 2587 intelligentia
3470 2532 3496 2573 ,

518 2602 880 2711 corfilt'um
910 2660 934 2699 ,
980 2596 1114 2685 seu
1187 2599 1476 2711 genius
1535 2618 1778 2679 mente
1810 2656 1836 2696 ,
1867 2594 2193 2702 scientia
2230 2597 2620 2704 praeditus
2651 2657 2677 2698 ,
2732 2599 2993 2710 genius
3031 2600 3445 2710 intelligens
3466 2661 3494 2703 ,
3547 2602 3552 2607 ’

512 2732 591 2812 is
655 2722 818 2838 ipse
864 2721 974 2807 es‘t
1037 2727 1544 2821 Mercurius,
1590 2722 1692 2802 de
1763 2748 1931 2836 quo
1989 2719 2454 2804 Macrobius
2502 2726 2751 2805 Satur.
2813 2724 2941 2805 lib.
3021 2752 3095 2806 t.
3151 2750 3309 2833 cap.
3360 2752 3498 2829 ¹9·

525 2850 813 2940 Mentis
843 2867 1220 2957 potentem
1273 2845 1734 2930 Mercurium
1791 2846 2203 2930 credt’mus.
2253 2851 2560 2930 Summa
2608 2847 2708 2953 est
2755 2849 3119 2933 velocitas
3180 2850 3496 2938 mentre.

522 2973 954 3063 Mercurius
990 2973 1356 3080 set-monet
1350 3002 1402 3051 n
1463 2971 1844 3079 impertit:
1895 2973 2365 3053 Mercurium
2421 2974 2769 3092 Aegyptii
2791 2977 3114 3060 alterum
3160 2975 3499 3070 caerulea

519 3112 555 3206 (
611 3101 794 3184 Indi
846 3094 1064 3184 fusca
1115 3107 1147 3202 )
1173 3095 1482 3206 specie,
1518 3097 1849 3178 alterum
1899 3085 2107 3184 clara
2169 3106 2201 3201 (
2249 3120 2339 3179 ut
2374 3091 2605 3214 saepe
2651 3101 2919 3207 Indi)
2885 3107 3381 3218 >fingunt..

521 3235 732 3316 Inter
752 3223 1056 3335 superos
1097 3217 1198 3306 ὁ·
1246 3222 1513 3333 infer-m
1560 3223 1728 3303 deos
1781 3193 2280 3327 αάιηίιιζγὶεν,
2341 3228 2801 3310 acnunctus
2850 3229 3439 3334 exstimaeur..

516 3356 877 3464 Pleraque
906 3351 1317 3461 stmulacra
1377 3346 1744 3431 Mercurii
1792 3348 2166 3461 quadrato
2230 3350 2451 3457 statu
2503 3357 3058 3466 figurantur
3051 3357 3178 3441 olo
3239 3360 3441 3475 capit
3461 3384 3504 3437 e

525 3478 877 3593 insignita
925 3470 1024 3561 ό·
1089 3471 1443 3560 virilibus
1493 3473 1816 3559 ενεὶῖὶι.
1876 3478 2192 3587 Nempe
2251 3478 2612 3580 Graeci,
2691 3507 2838 3592 pet·
2923 3475 3178 3566 solum
3209 3506 3502 3594 caput

527 3629 951 3703 mentem,
1015 3606 1092 3685 δι
1128 3599 1327 3685 Indi
1398 3627 1542 3714 pet
1601 3597 1893 3685 faciem
1953 3601 2614 3687 meditabundam
2685 3609 2765 3688 &
2858 3581 3504 3721 cogitationibus

520 3726 1050 3873 absorptam,
1118 3725 1487 3811 eamdem
1543 3726 1928 3811 Mercurii
1990 3751 2402 3826 mentem,
2461 3722 2880 3818 scientiam
2944 3793 2973 3842 ,
3042 3737 3507 3849 intelligen-

530 3857 792 3949 tiam,
861 3851 995 3936 seu
1070 3854 1401 3964 genium
1468 3849 2131 3964 intelligentem,
2195 3853 2581 3962 desitum,
2635 3882 2729 3942 ac
2763 3858 2863 3942 ad
2891 3859 3513 3974 confiliaprom·

532 4001 764 4093 ptum
805 3979 881 4059 δε
943 3973 1349 4064 efficacem
1410 3978 1768 4080 indicare
1825 3978 2167 4066 volunt.
2232 3913 2581 4090 Confer
2608 3985 3000 4072 Ladvocat
3085 3983 3232 4073 sub
3309 4011 3511 4070 voce

532 4102 1044 4190 MercuriuS.
1111 4107 1373 4189 Allata
1416 4124 1818 4214 praeterea
1873 4101 2002 4219 effe
2059 4108 2250 4190 dona
2327 4113 2510 4208 (ex
2578 4088 2805 4194 India
2882 4113 2996 4196 ad
3064 4107 3508 4224 Augustum

532 4233 625 4315 R.
671 4232 732 4313 1.
791 4255 837 4312 a
908 4229 1117 4310 Poro
1172 4228 1451 4313 Indiae
1515 4257 1709 4343 rege
1779 4229 1997 4318 miffa
2030 4291 2057 4333 ,
2114 4241 2152 4338 )
2208 4235 2359 4328 052
2393 4234 2665 4338 servos
2725 4239 2950 4319 nudos
3036 4237 3121 4321 in
3181 4237 3518 4349 subliga-

523 4357 713 4443 culis
770 4352 1225 4439 aromatibus
1280 4354 1643 4459 delibutos
1659 4416 1687 4456 ,
1738 4351 1868 4472 effi
1927 4377 2192 4443 autem
2237 4362 2436 4444 dona
2475 4361 2981 4452 Mercurium
3009 4393 3059 4445 a
3074 4388 3306 4474 puero
3338 4366 3520 4449 bra-

520 4483 697 4599 ·chz'a
754 4479 855 4563 ab
917 4480 1237 4594 humeris
1290 4502 1636 4588 exertum
1670 4541 1696 4584 ,
1724 4513 1965 4598 quem
2010 4513 2137 4567 nos
2190 4485 2533 4579 vidimus
2564 4493 2592 4569 .“
2642 4480 2940 4571 Strabo
2957 4537 2970 4544 -
2988 4489 3138 4573 lib.
3161 4520 3202 4575 1·
3225 4518 3300 4597 5.
3365 4487 3518 4600 Ita}

528 4635 699 4722 que
766 4606 1062 4692 statuae
1128 4607 1500 4693 Mercurii
1581 4603 1854 4696 seculo
1930 4636 2167 4714 aerae
2226 4610 2581 4724 vulgaris
2637 4597 2902 4725 primo
2954 4618 3037 4701 in
3095 4618 3516 4704 In'diaiam

527 4728 1082 4836 fabrefactae,
1147 4760 1249 4819 ex
1306 4733 1541 4820 India
1600 4736 2193 4837 mittebantur,
2247 4740 2326 4821 δε
2385 4738 2671 4822 hatum
2740 4740 3133 4828 Mercurii
3183 4740 3319 4829 seu
3347 4745 3524 4844 Buff

528 4858 690 4985 dae
762 4854 1191 4982 statuarum
1227 4879 1485 4984 unam
1539 4891 1641 4951 ex
1703 4861 1994 4951 Indico
2019 4887 2290 5015 regno
2312 4864 2796 5020 Nepa1,&
2812 4864 3016 5002 urbe
3041 4857 3516 4978 (ἵαιιιιαηᾰιι,

2128 4993 2314 5081 K
2640 5071 2661 5096 .
3219 4971 3531 5109 astino
