4299 5782
799 304 981 388 224

786 432 970 494 vam
1029 422 1342 503 tenet,
1392 401 1527 488 cui
1575 393 1952 488 tortuoso
2009 402 2225 489 flexu
2285 398 2665 488 inhaeret
2709 404 2976 517 anguis
3033 467 3058 493 .
3118 404 3372 489 Frons
3418 400 3785 495 Bhavani

788 531 1001 615 deae
1048 526 1274 644 figno
1319 527 1883 643 distinguitur.
1949 527 2281 616 Adstant
2346 530 2555 616 duae
2618 533 2990 619 mulieres
3047 532 3208 617 deo
3267 534 3502 617 flores
3554 530 3791 616 exhi·

788 658 1088 745 bentes
1125 714 1147 738 .
1215 651 1589 771 Desuper
1652 659 1861 745 duae
1908 679 2103 745 aves
2161 654 2427 744 Talact’
2476 658 2741 744 dietae
2778 720 2805 762 ‚
2840 657 3091 775 vulgo
3149 686 3338 749 aves
3372 660 3798 771 Par-adista-

795 807 983 871 θαι.
1049 783 1465 899 Allegoria
1518 783 1724 872 haec
1792 785 2027 899 plana
2077 784 2188 870 est
2249 789 2328 869 δι
2388 783 2696 870 facilis.

687 1004 710 1020 .
1046 913 1291 995 Num.
1325 912 1504 999 Vll.
1569 912 1901 997 Brabma
1970 939 2327 1026 quatuor
2393 913 2765 998 vultuum
2814 972 2841 1010 ‚
2916 938 3269 1028 quorum
3335 934 3674 1027 quattus
3737 935 3790 1002 a

793 1057 1025 1151 parte
1092 1034 1393 1148 postica
1442 1032 1929 1124 delitescens
1985 1037 2458 1125 invifibilis.
2515 1042 2903 1155 Quatuor
2959 1043 3327 1126 manibus
3365 1035 3789 1125 instructus

794 1158 964 1260 est,
1030 1165 1114 1246 in
1175 1189 1522 1280 quarum
1592 1191 1753 1251 una
1797 1196 1947 1250 vas
2002 1167 2366 1252 otonis-um
2424 1160 2559 1250 seu
2614 1191 3004 1279 cupreum
3053 1225 3082 1267 ,
3152 1169 3238 1251 in
3302 1165 3549 1280 altera
3622 1168 3789 1248 cla·

791 1317 1062 1388 cram,
1126 1291 1212 1376 in
1283 1295 1583 1393 tertia,
1631 1317 1843 1406 quae
1910 1289 2021 1375 est
2069 1291 2361 1378 finistra
2411 1288 2808 1393 inferior,
2844 1294 3055 1406 gerit
3112 1292 3443 1377 librum.
3510 1296 3785 1378 Annon

793 1412 1094 1502 animal
1157 1417 1566 1531 quoddam
1618 1417 1985 1505 Indicum
2046 1419 2152 1503 ad
2225 1418 2473 1531 pedes
2530 1422 3048 1533 appingitur.
3113 1417 3243 1503 Ad
3300 1418 3554 1502 latera
3609 1417 3786 1506 duo

791 1542 1100 1627 adstant
1163 1543 1344 1627 Indi
1412 1543 1803 1629 umbellas
1848 1542 2209 1630 ferentes
2243 1599 2267 1622 .
2333 1548 2657 1629 Numen
2711 1550 2794 1629 in
2853 1541 3129 1628 fronte
3167 1544 3530 1631 Bhaoaem’
3575 1543 3782 1630 deae

649 1671 652 1682 '
790 1663 1106 1783 lignum
1171 1666 1391 1772 fert,
1453 1667 1828 1756 faciebus
1893 1670 2334 1782 exhibetur
2388 1673 2660 1755 flavis.
2710 1670 2971 1783 Supra
3028 1673 3265 1754 flores
3346 1671 3496 1753 loti
3565 1671 3785 1783 appi·

791 1797 970 1880 &ae
1028 1789 1211 1879 sunt
1272 1851 1298 1878 .
1391 1795 1526 1882 De
1583 1796 1987 1916 qmpbaea
2054 1795 2194 1884 seu
2282 1797 2431 1883 loto
2498 1795 2683 1881 vide
2741 1784 3071 1915 systema
3145 1794 3782 1883 Brahmanicum

778 1946 966 2036 pag.
1014 1919 1392 2028 tao.3a.
1429 1949 1570 2031 33.
1610 1952 1807 2009 toa.
1844 1951 2046 2038 ²42·

1041 2050 1284 2130 Num.
1315 2049 1536 2136 vm.
1634 2050 1906 2136 Ve‘sbme
1959 2049 2233 2136 colore
2299 2047 2532 2139 viridi
2564 2108 2593 2147 ‚
2652 2043 2931 2134 fronte
2991 2045 3359 2133 Bhavani
3410 2044 3611 2131 deae
3671 2042 3783 2131 fi-

791 2195 964 2287 8ῃο
1015 2169 1434 2276 distinsta,
1506 2198 1860 2292 quatuor
1893 2174 2264 2262 manibus
2322 2173 2693 2288 infignis‚
2751 2189 3092 2290 q'uarum
3162 2202 3323 2261 una
3386 2174 3778 2276 ciaet-am,

786 2301 1044 2384 altera
1108 2297 1545 2403 buccinum,
1610 2301 1930 2388 duabus
1986 2299 2515 2388 inferioribus
2572 2327 2881 2413 angues
2961 2301 3218 2410 gerit.
3282 2299 3403 2383 Ex
3460 2326 3604 2385 ore
3671 2297 3780 2385 ad

744 2423 1041 2509 ‘latera
1109 2423 1281 2508 duo
1345 2427 1606 2539 aprini
1691 2427 1984 2513 dentes
2042 2430 2511 2540 prominent
2573 2483 2601 2524 ,
2664 2430 2806 2540 qui
2874 2425 3238 2510 indicant
3318 2424 3562 2511 huius
3634 2424 3779 2511 dei

768 2551 1430 2637 incarnationem
1493 2554 1578 2638 ln
1629 2576 1956 2667 aprum.
2004 2553 2263 2640 Clava
2310 2561 2496 2637 cn'm
2538 2547 2912 2665 serpente
2977 2554 3057 2635 ei
3130 2551 3611 2638 inhaerente
3652 2547 3781 2635 ad

709 2748 716 2755 .
780 2674 994 2761 latus
1048 2676 1579 2791 appingitur.
1646 2682 1971 2766 Numen
2036 2678 2181 2767 stat
2245 2682 2328 2766 in
2392 2675 2623 2765 loto.
2679 2678 2800 2762 Ex
2832 2701 3060 2795 parte
3095 2677 3381 2765 dextra
3410 2677 3512 2764 ad
3553 2681 3765 2764 imos

771 2804 1037 2939 pedes
1099 2798 1239 2887 stat
1285 2804 1417 2888 leo
1469 2805 1950 2917 Narffinba.

863 2984 902 3049 '.
1037 2932 1284 3014 Num.
1304 2933 1448 3014 lx.
1547 2931 1876 3034 Visbnu,
1941 2935 2085 3049 qui
2143 2960 2351 3018 num.
2373 2941 2465 3018 6.

915 3045 928 3073 ³
1036 3056 1286 3138 Num.
1313 3061 1411 3141 X.
1503 3058 1778 3143 Vlrhnu
1837 3062 1983 3177 qui
2021 3090 2224 3146 num.
2263 3070 2346 3143 6.
2413 3052 2548 3143 sed
2600 3052 2821 3144 facie
2885 3052 3202 3147 rubea.
3258 3053 3576 3142 duabus
3609 3078 3773 3143 ma·

778 3176 1023 3266 nibus
1090 3182 1303 3292 gerit
1395 3183 1776 3271 buccinum
1836 3240 1913 3289 ‚
1903 3184 2122 3270 aliis
2209 3184 2523 3270 duabus
2606 3184 2931 3269 ciaet-am
2994 3242 3026 3285 ‚
3099 3175 3323 3267 sedet
3397 3187 3482 3267 in
3540 3182 3762 3268 loto.

753 3332 760 3339 ·
891 3358 902 3365 -
1031 3306 1274 3391 Num.
1309 3312 1445 3398 XI.
1540 3313 1819 3396 Vishnu
1890 3313 1973 3396 in
2045 3306 2292 3396 Raima
2355 3316 2819 3396 incarnatus
2884 3308 3326 3394 exhibetur
3391 3309 3616 3393 vultu
3682 3309 3770 3392 δι

777 3454 1125 3544 corpore
1177 3437 1414 3521 viridi
1480 3433 1764 3523 sedens
1836 3436 2188 3553 pedibus
2239 3431 2667 3522 decussatis
2726 3494 2755 3536 ‚
2817 3434 3132 3520 duabus
3199 3432 3576 3517 manibus
3638 3435 3769 3517 in-

776 3549 1112 3643 structus·
1172 3618 1197 3644 .
1268 3555 1541 3649 Adstat
1601 3591 1648 3647 a
1704 3565 2008 3650 dextris
2072 3557 2487 3648 Hammon
2567 3562 3034 3646 mandatum
3101 3559 3236 3645 dei
3307 3555 3595 3643 Ranae
3660 3555 3769 3643 ad

782 3685 1325 3799 quaerendam
1407 3690 1665 3773 Sidam
1727 3689 2198 3833 excipiens.
2260 3688 2378 3773 Ex
2448 3687 2757 3773 finistris
2828 3686 2968 3773 stat
3006 3685 3263 3769 Indus
3316 3684 3561 3767 deum
3598 3690 3763 3768 Ra-

774 3840 905 3895 ma
967 3809 1382 3897 adorans.
1478 3812 1708 3900 Infra
1773 3814 1995 3899 fimia
2063 3814 2295 3900 miles
2362 3813 2911 3933 Ceylanenses
2976 3808 3348 3895 Ravennae
3406 3809 3764 3923 gigantis

774 3934 1083 4022 militet
1140 3938 1513 4026 verberat
1577 3965 1836 4059 atque
1887 3966 2231 4028 enecat.
2279 3941 2489 4028 Vide
2545 3941 2651 4026 de
2711 3937 2959 4024 Rama
3013 3932 3246 4051 supra
3297 3945 3370 4034 S.
3405 3939 3503 4020 V.
3539 3935 3768 4022 codi-

774 4089 956 4151 cem
1019 4093 1220 4148 nunt.
1258 4071 1343 4151 V.

1027 4194 1269 4276 Num.
1273 4190 1458 4275 xil.
1505 4192 1781 4278 stna
1825 4197 2118 4327 capite
2142 4190 2501 4278 tutulato
2533 4189 2635 4277 ad
2669 4189 2888 4303 globi
2922 4184 3267 4279 formam
3290 4180 3769 4298 descripto.

771 4311 1231 4403 Exhibetur
1295 4316 1510 4405 facie
1549 4316 1876 4425 rubea.
1899 4345 2276 4437 quatuor
2308 4317 2729 4414 manibus,
2797 4336 3136 4432 quarum
3170 4316 3378 4399 duae
3415 4338 3763 4417 vacuae,

765 4440 977 4525 duae
1035 4445 1325 4530 buccina
1375 4451 1472 4530 οι
1558 4436 1891 4534 ctat-ran·
1966 4445 2441 4534 instructae.
2504 4441 2877 4593 Adstant
2905 4442 3114 4528 duae
3175 4441 3553 4526 mulieres
3605 4441 3771 4523 deo

766 4567 1000 4657 heum
1057 4568 1592 4657 exhibentes.
2608 4610 2613 4621 ’

1022 4698 1262 4780 Num.
1296 4702 1509 4783 xm.
1617 4702 1906 4791 rmnu
1961 4702 2048 4785 in
2087 4694 2598 4806 Paufirm
2658 4699 3127 4784 incarnatur
3190 4689 3683 4804 elephanto
3660 4715 3776 4774 tn·

766 4818 1018 4910 fidet
1078 4824 1314 4911 Facie
1377 4816 1836 4919 exhibetur
1892 4821 2179 4931 midi3
2194 4826 2521 4916 vestem
2562 4825 3011 4940 chlo-‘gam
3054 4826 3333 4911 flavam
3366 4819 3767 4918 indutus,

3463 4973 3548 5053 4·
3606 4968 3780 5031 ma·
