4299 5782
820 280 995 378 164

795 400 964 523 niae
1014 428 1351 550 eiusque
1401 435 1668 518 uxoris
1742 423 1963 515 Sidae
2029 489 2052 515 .
2115 428 2530 557 Septimus
2590 449 2859 512 tomus
2941 428 3761 554 gssffimcffisfflz

800 602 1312 693 Utteracdnda
1366 599 1469 684 de
1540 595 1768 712 gestis
1816 599 2099 682 Rdmae
2133 656 2158 698 ,
2223 620 2434 710 quae
2486 596 2921 682 exantlavit
2964 592 3133 711 post
3187 591 3414 682 suum
3472 623 3579 683 ex
3638 604 3769 690 in·

798 727 963 813 sula
1031 730 1344 846 Ceyla'n
1396 726 1743 809 reditum
1818 726 1899 807 in
1978 721 2206 807 India
2271 721 2575 806 boreali
2637 788 2660 823 ,
2755 743 3002 807 attera
3061 726 3281 807 enim
3344 726 3426 808 in
3486 724 3767 841 lingua

802 838 1423 940 Samscrdamica
1482 854 1784 935 dicitur
1844 849 2098 932 boreas
2153 907 2178 947 ,
2244 842 2382 930 seu
2446 874 2628 959 pars
2683 843 3024 933 borealis
3059 902 3084 931 .
3150 849 3274 934 Ex
3331 849 3454 932 his
3504 878 3582 966 7.
3638 876 3770 936 to-

805 984 955 1064 mis
1009 981 1258 1095 aliqui
1326 978 1650 1063 codices
1718 998 2011 1100 carent.
2059 996 2287 1057 tomo
2351 967 2624 1074 sexto,
2692 997 2781 1058 ut
2841 977 3106 1058 minus
3167 973 3600 1060 neceffario
3665 980 3770 1065 ad

806 1110 1361 1219 iutegritatem
1423 1100 1791 1185 historiae
1843 1101 1974 1184 dei
2042 1100 2345 1183 Raima.
2408 1096 2763 1184 Tomum
2814 1093 3235 1213 septimum
3302 1129 3406 1186 ex
3451 1102 3769 1215 vulgari

804 1229 1218 1316 Indostana
1248 1230 1525 1340 lingua
1561 1231 1642 1311 in
1692 1225 2048 1319 Italicam
2091 1222 2445 1309 traduxit
2482 1229 2566 1310 P.
2603 1225 2924 1310 Marcus
2958 1283 2979 1306 .
3050 1227 3208 1308 Hic
3258 1222 3422 1338 ipse
3480 1231 3560 1311 in
3598 1226 3763 1315 suis

803 1356 1404 1443 commentariis
1451 1355 1871 1467 pag..168.
1920 1362 2119 1459 169.
2170 1378 2368 1456 170.
2419 1375 2619 1455 171.
2666 1378 2868 1467 ¹7²·
2929 1350 3010 1433 in
3072 1348 3218 1433 hos
3282 1353 3605 1437 Indicos
3650 1351 3765 1437 li·-

794 1476 1035 1582 bros,
1099 1478 1422 1563 Rdmam
1472 1479 1717 1573 deum
1780 1502 1997 1559 nunc
2063 1468 2456 1560 autumat
2518 1471 2670 1560 effe
2737 1473 3270 1560 patriarcham
3328 1479 3765 1582 Abraham,

796 1634 1017 1694 nunc
1083 1604 1415 1713 Mfim,
1484 1630 1705 1689 nuuc
1752 1596 2060 1687 Persam
2117 1607 2436 1718 cyr-unu
2503 1627 2721 1719 nunc
2763 1599 3169 1687 ‘existimat
3226 1602 3469 1687 Indos
3538 1601 3769 1690 fabu-

795 1728 1040 1816 losam
1105 1737 1389 1813 Ramae
1450 1726 1849 1813 historiam
1918 1752 2136 1810 anno
2202 1752 2469 1828 1505.
2532 1720 3051 1839 composuisse
3121 1725 3222 1811 ad
3311 1726 3766 1816 similitudi-

792 1872 990 1942 ne‘m
1056 1858 1448 1942 bellorum
1486 1914 1512 1955 ,
1575 1879 1786 1968 quae
1853 1856 1933 1935 in
1996 1847 2247 1936 insula
2304 1852 2622 1968 Ceylan
2688 1847 3078 1964 gesserant
3143 1851 3490 1939 Lusitani
3542 1914 3566 1937 .
3633 1859 3758 1943 Ita

799 1987 1078 2066 aucior
1123 1979 1467 2094 Alphab.
1524 1978 1917 2063 Tibetani
1985 1979 2321 2090 putabat
2407 1972 2563 2062 effe
2661 1974 3061 2061 historiam
3125 1976 3280 2083 lesu
3348 1979 3619 2082 christi
3656 2002 3762 2070 ex

796 2106 1462 2197 Manichaeorum
1500 2097 1821 2187 somniis
1847 2099 2320 2220 coufiaam3
2371 2103 2769 2187 Sonuerat
2795 2164 2820 2201 ,
2860 2098 3366 2219 Rumam-effe
3400 2107 3758 2223 aliquem

795 2224 1218 2342 Pegudnum
1274 2254 1546 2344 regem
1605 2291 1630 2328 ,
1695 2229 1834 2343 qui
1894 2228 2203 2311 Indiam
2270 2223 2642 2312 invaserit
2687 2291 2712 2317 .
2777 2230 3034 2313 Nimis
3087 2232 3322 2314 arffls
3384 2250 3760 2320 tenemur

718 2452 723 2457 ,
791 2356 1240 2455 limitibus,
1303 2378 1394 2443 ut
1464 2350 1666 2445 haec
1732 2350 2100 2441 refellere
2169 2349 2536 2468 poffimus
2568 2359 2744 2458 (1).
3097 2384 3100 2387 ·
3715 2364 3723 2371 ’

3573 2488 3765 2574 Non

887 2604 994 2690 (1)
1041 2610 1282 2673 Ramae
1360 2601 1469 2672 seu
1537 2596 1894 2671 shriramae
1969 2599 2035 2669 id
2076 2602 2215 2682 est,
2340 2598 2542 2669 Indici
2586 2600 2767 2683 libri,
2811 2600 2979 2672 filiua
3029 2647 3054 2683 ‚
3093 2602 3164 2673 δε
3211 2602 3431 2672 Bacchi
3479 2624 3701 2673 comes
3733 2648 3765 2693 ,

799 2699 1028 2763 Bacchi
1076 2697 1277 2761 Indici
1324 2694 1489 2783 gesta
1537 2695 1706 2762 edito
1770 2694 1896 2759 iam
1963 2716 1999 2760 a
2032 2692 2212 2763 nobie
2340 2694 2533 2760 deum
2592 2689 2795 2761 RAma
2864 2691 2973 2760 seu
3024 2695 3344 2763 Bacchum
3390 2717 3504 2782 per
3546 2716 3765 2766 aerem

794 2786 1134 2866 systemate
1165 2786 1579 2853 Brahmanico
1622 2780 1895 2867 btssorr'co
1934 2785 2214 2871 explica·
2319 2784 2413 2852 a&
2460 2782 2623 2849 caeli
2671 2783 3002 2869 regionem
3045 2784 3412 2854 circumfert
3435 2831 3459 2854 .
3513 2790 3609 2852 Ex
3649 2786 3766 2853 ab·

788 2879 842 2960 ri
889 2874 1264 2946 desiderabat
1328 2924 1353 2957 ,
1411 2875 1856 2961 Bacchumque
1912 2874 2208 2963 Indicum
2336 2871 2520 2942 sciffis
2578 2875 2874 2944 mammis
2891 2871 3343 2965 Sbmpaenaegaee
3363 2875 3653 2945 feminae
3671 2877 3782 2965 gi-·

786 2989 1012 3035 verum
1068 2967 1245 3033 Asiae
1310 2968 1701 3042 domitorem
1746 2964 2083 3054 physicum
2137 2986 2212 3031 ac
2335 2964 2543 3052 gantis
2592 2963 2660 3032 δι
2711 2961 3013 3033 Ravanae
3067 2964 3294 3035 sororis
3343 2970 3409 3034 in
3461 2989 3609 3035 aere
3632 2989 3766 3034 cer·

769 3057 1119 3134 ,hominem
1167 3057 1290 3124 esse
1337 3055 1726 3132 existimabat
1771 3058 1874 3126 vir
1917 3051 2214 3140 eruditio·
2335 3053 2852 3123 tantis’dimanat
2880 3055 3133 3143 sanguia
3161 3103 3188 3135 ‚
3220 3058 3291 3126 dt
3321 3077 3504 3125 exeo
3531 3060 3601 3124 in
3627 3067 3760 3125 tera

788 3167 879 3213 ne
924 3145 1177 3231 insignia
1223 3147 1292 3214 ἅ
1343 3150 1509 3213 inte'r
1552 3169 1787 3234 paucos
1820 3148 1970 3214 mihi
2014 3146 2215 3211 maxi·

788 3257 901 3304 me
928 3236 1237 3303 colendus
1259 3282 1281 3304 .
1327 3236 1578 3304 Lubena
1624 3238 1760 3304 eiua
1801 3237 1965 3307 votis
2008 3229 2214 3301 acees-

790 3325 991 3394 fiffem
1031 3371 1055 3404 ,
1108 3326 1221 3393 nifi
1272 3349 1467 3413 quam
1520 3327 1789 3414 plurima
1839 3326 2156 3392 obstarent
2189 3368 2207 3389 .

796 3417 1011 3485 Primo
1041 3461 1063 3493 ‚
1095 3418 1390 3503 pleraque
1416 3415 1738 3484 fabulosae
1766 3417 2100 3483 Bacchicae
2119 3416 2211 3480 hi-

793 3507 1016 3576 storiae
1064 3508 1332 3573 heroum
1396 3508 1663 3574 nomina
1703 3505 2003 3594 palam&
2035 3525 2210 3591 aper·

790 3589 858 3662 t'e
899 3595 1109 3661 fistitia
1159 3595 1282 3662 effe
1329 3615 1411 3663 ex
1453 3596 1673 3683 lingua
1720 3593 2210 3662 Samscrdamica

786 3683 977 3756 facile
1024 3683 1311 3771 perspexi
1342 3732 1359 3751 .
1401 3685 1673 3754 Secundo
1692 3732 1719 3765 ,
1758 3688 1979 3752 heroes
2007 3685 2069 3750 hi
2088 3683 2208 3749 bo-

789 3778 862 3841 ni
902 3778 1180 3859 malique
1231 3778 1400 3861 genii
1458 3778 1602 3842 sunt
1648 3781 1814 3842 inter
1872 3775 1935 3841 se
1963 3791 2210 3850 cettan·

788 3883 932 3933 tes.
975 3868 1178 3933 Tertio
1201 3911 1223 3943 ‚
1270 3864 1475 3934 Rama
1511 3859 1663 3933 deur.
1696 3866 1775 3932 ab
1828 3862 1997 3931 india
2046 3885 2209 3931 con-

791 3956 1021 4024 stanter
1045 3956 1285 4024 viridis
1310 3957 1589 4045 pingitur
1609 4002 1634 4035 ,
1661 3972 1732 4022 ut
1753 3952 2008 4022 Ravana
2034 3953 2205 4021 sem·

785 4069 901 4137 per
934 4045 1249 4125 caeruleus
1303 4046 1389 4114 ὄε-
1424 4046 1646 4112 decem
1692 4045 2000 4132 capitibus
2065 4045 2208 4112 infi-

781 4140 924 4224 gnia
985 4183 1003 4202 .
1069 4143 1236 4205 Haec
1301 4153 1518 4202 autem
1579 4138 1780 4223 capita
1837 4131 1909 4200 &
1952 4134 2205 4202 colores

786 4229 945 4294 nulli
984 4249 1292 4314 umquam
1359 4226 1652 4302 bomini,
1683 4227 1938 4292 nullius
1996 4226 2203 4309 gentis

760 4317 1062 4383 -vultibus
1134 4316 1280 4384 sunt
1341 4336 1723 4384 communes
1779 4361 1801 4383 .
1904 4317 2144 4404 Quarto
2178 4361 2202 4394 ,

782 4410 1120 4473 Hanuman
1164 4409 1276 4497 qui
1320 4407 1405 4475 est
1438 4407 1592 4474 deus
1610 4403 1744 4474 Pan
1781 4421 1893 4471 aut
1917 4401 2202 4484 Silenus,

785 4497 977 4560 etiam
1038 4496 1115 4561 ab
1165 4497 1335 4563 ludia
1377 4497 1723 4563 indubitata
1770 4494 1894 4561 fide
1937 4493 2098 4562 Solis
2132 4494 2201 4562 δε

789 4588 1003 4672 Lunae
1061 4584 1227 4653 filius
1265 4632 1289 4665 ,
1335 4588 1573 4652 Simius
1627 4630 1650 4664 ,
1693 4606 1766 4650 ac
1811 4601 2037 4653 ventur
2077 4584 2201 4652 effe

783 4674 1011 4739 dicitur
1045 4720 1061 4738 .
1124 4677 1367 4760 Nequid
1427 4678 1615 4761 igitur
1660 4696 1845 4741 verus
1872 4677 2072 4744 homo
2105 4677 2201 4743 di·

779 4767 882 4832 ci.
931 4762 1072 4830 Bali
1119 4766 1277 4832 alter
1319 4765 1556 4831 Simius
1595 4765 1638 4843 '‚
1700 4768 1800 4831 dei
1854 4767 2038 4834 lndra
2086 4765 2196 4834 seu

766 4855 950 4936 ‚lovis
972 4902 1000 4936 ‚
1043 4876 1240 4942 quem
1269 4871 1480 4923 aerem
1530 4853 1656 4921 effe
1700 4873 1914 4941 aperte
1963 4856 2197 4924 docent

2335 3166 2474 3211 ram
2537 3143 2804 3209 deciduo
2865 3166 3250 3232 generantur
3310 3146 3757 3236 sanguisugae.

2335 3230 2792 3302 &abbate-na
2846 3234 3039 3304 frater
3063 3234 3359 3306 Ravanae
3400 3257 3637 3325 pugnat
3663 3240 3766 3307 sa-

2334 3327 2491 3411 gitta
2528 3321 2868 3394 uirbicr’aerae
2921 3327 3077 3394 ditia
3097 3373 3120 3409 ‚
3166 3325 3508 3398 nisbr’ciaerae
3536 3347 3759 3398 autem

2338 3412 2558 3501 sagitta
2604 3416 2691 3481 est
2750 3418 2818 3482 in
2864 3422 3017 3486 Sole
3058 3416 3168 3485 seu
3210 3417 3418 3486 Rama
3477 3419 3758 3487 obscuri-

2335 3521 2533 3570 tatem
2562 3550 2590 3587 ,
2631 3507 2921 3575 tenebras
2966 3507 3037 3577 dt
3091 3508 3349 3575 nostem
3396 3510 3703 3577 inducens
3729 3555 3760 3582 0

2335 3591 2540 3661 Rama
2588 3593 2807 3681 sagitta
2854 3595 2962 3664 sua
3006 3596 3393 3687 Agbnr’ct'aerae
3457 3597 3611 3666 dffla
3641 3598 3757 3678 seu

2318 3686 2569 3772 fingitrae
2601 3689 2777 3776 iguis
2820 3690 3102 3757 retundit
3124 3689 3374 3777 sagittae
3407 3689 3753 3760 obscurita-

2340 3776 2418 3842 tis
2461 3795 2535 3842 ac
2575 3777 2772 3844 noeiis
2796 3824 2822 3859 ,
2887 3795 3078 3864 arque
3125 3780 3330 3866 ignito
3382 3782 3499 3848 illo
3542 3782 3754 3852 iaculo

2329 3862 2611 3933 frontem
2658 3867 2964 3936 &aivam
3013 3875 3224 3938 exurit
3272 3914 3296 3947 .
3335 3870 3402 3938 id
3460 3871 3544 3938 est
3577 3917 3603 3952 ,
3647 3865 3756 3937 'sol

2328 3954 2528 4025 radi&
2606 3960 2705 4026 αἰο-
2749 3956 3078 4027 Ηὶνιηεω
3118 3961 3323 4029 nostia
3352 3961 3423 4030 δε
3463 3962 3755 4029 tenebra-

2332 4067 2475 4112 rum
2577 4069 2730 4115 eum
2785 4049 3018 4116 occidit
3059 4094 3079 4113 .
3134 4057 3266 4119 Hae
3328 4048 3586 4137 sagittae
3638 4072 3753 4139 per

2330 4132 2396 4201 se
2457 4138 2622 4222 iplaa
2666 4141 2897 4204 iterum
2945 4140 3023 4206 ad
3062 4138 3285 4208 locum
3319 4141 3390 4210 &
3414 4163 3634 4209 arcum
3665 4162 3752 4209 ex

2326 4226 2916 4309 quoevibrabantui·
2940 4232 3119 4297 nullo
3145 4250 3420 4318 cogente
3446 4233 3757 4300 redibant.

2328 4311 2585 4382 Ravana
2621 4363 2645 4396 ,
2675 4318 2927 4407 Typho,
2949 4322 3052 4388 vel
3075 4323 3260 4390 Pluto
3288 4346 3321 4389 a
3353 4322 3552 4390 shivae
3580 4324 3703 4390 deo
3723 4367 3750 4402 ,

2326 4403 2405 4469 ab
2450 4409 2594 4494 {gne
2643 4406 2890 4475 donum
2932 4413 3419 4490 immortalitatis
3473 4433 3751 4501 accepe-

2323 4512 2466 4574 rat,
2518 4514 2711 4584 atque
2756 4498 2835 4564 ab
2883 4501 3110 4568 eodem
3135 4503 3542 4583 obtinuerat,
3582 4505 3745 4569 utin

2326 4604 2523 4673 regno
2564 4585 2681 4655 suo
2724 4592 2791 4656 in
2829 4588 3032 4659 insula
3082 4597 3321 4673 Ceylan
3378 4617 3487 4664 ver
3527 4614 3753 4684 perpe-

2291 4725 2296 4730 .
2328 4694 2517 4744 tuum
2543 4725 2567 4758 ,
2616 4677 2814 4748 florea
2835 4727 2858 4758 ,
2906 4682 2974 4750 &
3001 4680 3235 4749 fruRus
3264 4687 3699 4769 germinarent
3721 4727 3747 4760 ‚

2323 4784 2396 4833 ut
2444 4768 2641 4836 insula
2681 4791 2758 4858 pe
2900 4775 2998 4839 uis
3033 4770 3269 4843 divitiis
3306 4774 3747 4866 margaritis&

2323 4859 2675 4928 unionibus
2875 4881 3047 4934 eret.
3097 4867 3446 4957 opulentia
3479 4866 3746 5023 hagag:
