4299 5782
503 464 814 547 Parava
864 449 946 539 in
1003 442 1333 537 insulam
1391 445 1845 562 navigando
1896 454 1983 553 ).
2054 453 2272 534 Seras
2318 445 2416 533 ab
2481 447 2646 560 'ipffi
2718 437 2951 560 aspici
3024 472 3228 537 notos
3313 354 3509 540 :0:113-

316 592 323 597 '
503 585 772 671 mer-clo
805 637 833 664 .
889 578 1216 667 Confer
1293 574 1670 666 Dodxvell
1738 637 1764 674 ,
1830 568 2462 663 dissertationem
2526 579 2610 662 in
2684 576 3000 663 Arriani
3081 580 3452 691 PerIplum
3479 594 3530 686 ,‘

505 709 953 797 Cellarium
989 766 1016 810 ,
1079 704 1423 795 Notitiae
1470 704 1671 791 orbis
1710 705 2066 817 antiqui,
2116 700 2422 818 Lipsiae
2485 730 2749 823 ¹773·
2807 704 2935 790 lib.
2966 731 3044 810 3.
3103 714 3505 817 §.28.29.

515 862 663 947 30.
702 861 786 948 p.
826 834 1041 945 744.
1110 828 1211 918 ὁ·
1246 830 1411 944 seq.
1456 831 1677 918 Cum
1740 833 1987 944 igitur
2043 854 2421 944 tempore
2479 829 2723 917 Plinii
2793 827 3049 917 infula
3086 832 3506 945 Taproba-

509 987 671 1062 ne,
737 987 901 1047 non
953 984 1062 1048 ex
1111 955 1450 1046 adverso
1504 960 2048 1072 promontorii
2114 957 2547 1044 Co'morini
2618 955 2758 1043 fita
2809 953 3060 1060 esset,
3121 960 3208 1044 id
3264 961 3501 1074 quod

506 1110 880 1175 autumat
948 1083 1296 1186 Caffini,
1359 1081 1497 1170 sed
1555 1089 1919 1198 proxima
1985 1078 2183 1169 esset
2246 1084 2530 1173 Indiae
2594 1089 3155 1199 promontorio
3239 1088 3509 1175 Colai·

514 1238 668 1315 co,
733 1214 1146 1330 quatridui
1194 1237 1465 1297 tamen
1529 1214 2062 1326 navigatione
2116 1206 2410 1295 littora
2469 1210 2833 1323 legendo
2900 1238 2947 1293 a
3021 1213 3238 1295 dieto
3302 1241 3501 1328 pro-

504 1342 923 1425 montorio
988 1340 1297 1429 ratibus
1354 1329 1688 1451 aliisque
1748 1339 2011 1451 parvis
2103 1337 2449 1448 navigiis
2520 1334 3007 1421 velificando
3091 1337 3408 1426 distaret
3466 1399 3496 1442 ,
3605 1390 3608 1391 f

502 1487 598 1552 ut
633 1463 1088 1553 hodiedum
1123 1460 1349 1548 distat
1383 1498 1406 1559 3
1443 1463 1852 1576 denique,
1889 1487 2075 1549 cum
2104 1488 2205 1546 ex
2232 1462 2515 1545 eadem
2541 1456 2793 1546 insula
2818 1464 3049 1549 Seres
3093 1464 3269 1547 Indi
3300 1524 3325 1566 ,
3353 1467 3500 1580 qui

504 1586 825 1676 nonnisi
889 1591 1168 1711 populi
1235 1613 1425 1675 orae
1476 1590 1767 1673 Par-ava
1834 1593 1914 1672 δι
1955 1585 2668 1673 Coromandelidis
2731 1615 2835 1672 ex
2890 1590 3285 1703 opinione
3328 1595 3500 1688 ,Pti-

508 1717 627 1802 nii
681 1711 836 1802 ess'e
892 1712 1261 1831 possunt,
1322 1710 1570 1826 aspici
1638 1709 2018 1828 possent,
2069 1737 2161 1799 ut
2218 1711 2476 1798 hodie·
2502 1708 3054 1825 aspiciuntur,
3115 1714 3495 1830 profer
3603 1751 3614 1761 ·

428 1948 435 1956 ‚
500 1865 873 1957 tempore
939 1842 1174 1928 Plinii
1235 1836 1491 1925 insula
1560 1839 2050 1954 Taprobane
2113 1836 2496 1925 eumdem
2557 1839 2780 1924 illum
2860 1837 3092 1927 ficum
3158 1846 3491 1946 tenuit,

499 1994 749 2087 quem
809 1966 1059 2053 hodie
1115 1966 1444 2051 obtinet
1481 2023 1504 2046 .
1574 1963 1892 2074 Confer
1957 1964 2281 2052 Arriani
2343 1966 2745 2076 ·Per1’plum
2799 2025 2827 2065 ,
2914 1968 2996 2050 in
3063 1992 3235 2081 quo
3290 1967 3495 2055 haee

501 2095 862 2208 apertius
932 2099 1012 2205 ὃς
1071 2092 1512 2180 distinetius
1571 2092 2004 2178 traduntur
2039 2155 2063 2180 .
2122 2090 2339 2177 Vide
2392 2092 2642 2179 etiam
2712 2082 3178 2180 D'Anville
3214 2106 3264 2195 ,“
3307 2104 3507 2180 Geo-

493 2219 808 2336 grapbt’e
857 2221 1209 2305 anclenne
1275 2213 1588 2332 abrege‘e
1628 2277 1658 2320 ,
1715 2243 1914 2303 tom.
1959 2245 2045 2302 2.
2093 2244 2280 2333 pag.
2315 2244 2520 2331 359.
2582 2213 2970 2331 Inspeffls
3031 2216 3154 2302 his
3212 2224 3506 2306 omni--

505 2345 660 2431 bus
731 2343 1051 2461 liquido
1142 2342 1537 2431 constabit
1603 2404 1632 2446 ,
1728 2339 2063 2454 insulam
2095 2346 2419 2463 ·.Ceylan
2501 2342 2690 2430 loco
2764 2340 2906 2428 suo
2970 2370 3490 2463 nequaquam

503 2495 802 2561 motam
851 2470 1143 2572 fuisse,
1214 2471 1662 2559 Ptolemaei
1721 2494 2089 2585 tempore
2134 2497 2338 2559 eam
2412 2469 2622 2558 ultra
2695 2471 3001 2565 lineam,
3078 2476 3490 2587 aequino-

502 2599 819 2695 ctialem
877 2627 1040 2683 non
1092 2596 1580 2698 excurrisset
1633 2596 1991 2712 denique
2028 2593 2385 2682 fabulam
2419 2598 2782 2682 Indicam
2815 2656 2844 2697 ,
2901 2624 3113 2712 quae
3170 2622 3486 2707 narrat,
3543 2628 3554 2633 ’

494 2721 835 2810 insulam
936 2727 1202 2843 Ceylan
1273 2752 1376 2809 ex
1437 2748 1726 2809 monte
1781 2725 2014 2807 Mcru
2070 2716 2438 2837 paradiso
2498 2724 2789 2809 Indico
2857 2724 2939 2806 in
3008 2750 3228 2807 mare
3299 2753 3491 2837 pro.

501 2849 794 2964 lapsam
867 2848 1512 2949 fuiffe,'merum
1575 2846 2059 2962 figmentum
2110 2854 2188 2933 δι
2246 2849 2709 2963 allegoriam
2757 2844 2910 2932 effe
2974 2907 3002 2947 ,
3090 2875 3302 2962 quae
3371 2850 3488 2938 ob

507 2981 902 3075 uniones,
957 2972 1098 3093 qui
1159 2979 1241 3059 in
1306 2972 1559 3059 insula
1620 2974 1934 3089 Ceylan
1990 2980 2571 3086 reperiuntur,
2609 2969 3187 3088 ‚paradisiacam
3223 2979 3302 3063 ci
3334 2981 3490 3062 ori·

501 3107 775 3216 ginem
847 3099 1297 3186 adscribitt
1366 3128 1578 3215 quae
1636 3102 1911 3184 omnia
1977 3125 2064 3182 ut
2129 3102 2282 3185 alia
2328 3102 2578 3188 multa
2638 3126 2799 3184 non
2861 3096 3183 3220 physice
3253 3162 3283 3203 ,
3347 3095 3486 3194 sed

497 3229 934 3343 allegorice
1008 3214 1483 3338 accipienda
1558 3220 1796 3324 sunt,
1865 3221 2272 3312 fictionem
2333 3227 2684 3342 aliquam
2721 3281 2747 3326 ,
2800 3229 3331 3313 &veritatem
3386 3228 3483 3315 fi-

497 3355 667 3439 mul
728 3355 1225 3442 involventia
1262 3416 1281 3438 .
1340 3356 1567 3439 Haec
1627 3353 1733 3437 dc
1784 3347 2088 3437 fabulis
2142 3377 2228 3439 et
2289 3353 2716 3438 codicibus
2776 3352 3283 3438 Malabaricis
3353 3356 3483 3439 di-

498 3482 624 3565 sta
680 3476 975 3566 sunto.
1021 3482 1138 3563 Ea
1210 3503 1356 3561 nos
1424 3476 1749 3593 longius
1807 3503 2248 3564 avocarunt
2288 3540 2312 3577 ,
2369 3475 2503 3566 sed
2559 3505 2769 3589 pene
2839 3474 3162 3566 infinita
3230 3481 3482 3568 dubia

496 3608 718 3720 prius
773 3598 1437 3701 solvenda-sunt,
1485 3632 1727 3721 quam
1791 3630 1954 3689 una
1999 3612 2296 3689 veritas
2361 3601 2679 3688 stabiliri
2765 3600 2993 3715 possit
3052 3663 3076 3688 .
3141 3606 3482 3691 Laboris

492 3757 659 3816 non
739 3736 1114 3844 poenitet
1147 3789 1172 3831 ,
1208 3729 1481 3836 solutio
1521 3732 1717 3816 enlm
1746 3731 1959 3816 dubl}
1973 3790 2000 3832 ,
2044 3730 2390 3815 inventio
2414 3730 2796 3817 veritatis.
2826 3725 3478 3841 Aristot.Ethr⁶‹.··7.

489 3860 955 3959 Ceterum,
1015 3881 1186 3973 quo
1239 3852 1599 3968 praecise
1667 3853 1943 3942 seculo
2016 3855 2217 3943 haec
2277 3855 2447 3942 duo
2512 3877 2886 3972 poemata
2987 3857 3478 3950 Malabarica

486 3973 961 4068 seu'Indica
1008 3979 1297 4095 scripta
1332 4045 1357 4082 ,
1421 3983 1921 4098 vulgataque
1978 3979 2289 4074 fuerint
2321 4043 2349 4084 ,
2411 4009 2635 4069 certa
2665 3983 3135 4069 conie&ura
3163 3979 3472 4098 assequi
3625 4025 3683 4074 ,·

487 4134 655 4193 non
728 4108 979 4192 licet.
1044 4109 1140 4191 In
1202 4102 1522 4221 legibus
1590 4167 1616 4210 ,
1676 4110 2411 4220 exemptionibus,
2476 4108 2991 4224 poematibus
3032 4112 3472 4214 ⁹veteribus
3633 4157 3640 4164 ·

485 4234 789 4321 Indicis
844 4259 1027 4320 raro
1074 4228 1525 4346 scriptionis
1580 4235 2227 4349 autpublicatae
2296 4236 2814 4352 legisannus
2863 4237 2943 4316 δι
2997 4233 3308 4349 epocha
3340 4264 3479 4322 oc·
3623 4253 3628 4259 ’

486 4364 741 4448 currit
775 4420 799 4445 .
868 4360 1114 4473 Regis
1173 4386 1468 4466 nomen
1520 4355 1669 4445 sub
1731 4389 1900 4476 quo
1936 4358 2167 4477 leges
2201 4362 2410 4448 latae
2444 4422 2472 4463 ,
2535 4387 2674 4448 aut
2710 4357 3045 4471 scriptae
3085 4358 3473 4465 fuerant,

484 4483 889 4594 affertur,
953 4489 1033 4570 δι
1095 4488 1179 4569 in
1249 4481 1412 4570 fine
1464 4482 1813 4573 subinde
1878 4515 2182 4574 nomen
2237 4483 2649 4603 scriptoris
2685 4484 3173 4601 apponitur;
3239 4489 3472 4604 quod

485 4615 567 4698 in
627 4611 1207 4725 poematibus,
1269 4635 1363 4696 ut
1414 4615 1628 4725 regis
1689 4608 1837 4712 sub
1890 4642 2062 4732 quo
2129 4638 2423 4727 poema
2455 4609 2984 4732 compositum
3038 4609 3204 4715 est,
3267 4612 3479 4703 fiai-

487 4743 696 4825 tium
742 4735 895 4824 effe
957 4734 1159 4824 solet
1212 4802 1233 4824 .
1301 4737 2020 4856 Quemadmodum
2121 4742 2344 4825 enim
2411 4740 2626 4855 apud
2716 4763 3034 4826 veteres
3105 4741 3476 4830 Graecos

483 4859 925 4983 saepiffime
989 4866 1073 4952 in
1138 4865 1461 4985 legibus
1507 4857 1935 4985 vulgandis
1993 4867 2161 5005 non
2223 4854 2485 5081 {mu-⁸
2521 4930 2547 4978 ,
2613 4862 2753 4956 sed
2795 4864 3478 5077 Senatus&s{ri-

2332 5021 2377 5081 ²
2499 5092 2514 5100 -
2705 5091 2836 5104 ...
3103 5097 3110 5105 ,
3325 5018 3492 5098 .‚.²G.
