4299 5782
3344 352 3517 433 ²¹9

556 445 899 538 Rrsbnae
945 444 1342 565 Apollinis
1395 448 1858 563 pastoralem
1921 453 2000 534 δε
2068 445 2476 534 silvestrem
2539 444 2962 545 indicant,
3031 471 3276 561 quam
3342 478 3531 539 cum

560 603 841 686 ageret
875 639 898 675 ,
968 576 1309 682 inqfilvis
1354 580 1666 688 lepores
1724 573 2128 659 insecutus
2184 579 2263 656 &
2318 601 2657 657 venatus
2690 570 2843 655 est.
2912 575 3327 685 Quocirco
3363 604 3579 687 per-2

442 699 460 712 '
556 700 796 784 durat
846 689 1283 786 hodiedum
1354 708 1434 787 in
1488 705 1933 787 Malabaria
1992 699 2275 782 festum
2327 708 2402 783 δι
2469 704 2668 783 ritus
2726 701 3182 782 venationis
3229 699 3532 814 leporis

564 826 648 908 in
710 830 1174 911 memoriam
1223 833 1436 912 vitae
1495 830 1842 914 silvestris
1916 828 2254 910 Krshnae
2311 828 2496 911 dei.

519 1040 528 1049 ‚
821 956 1056 1034 Primi
1115 949 1419 1037 sacrarii
1481 955 1686 1038 latus
1756 956 2142 1056 dextrum)
2182 972 2617 1033 eXternum
2654 1009 2679 1048 ‚
2745 948 2969 1061 quod
3028 948 3533 1061 complicatis

547 1075 941 1159 -omnibus
1001 1076 1242 1170 valvis
1297 1071 1560 1187 primo
1614 1074 1758 1160 sub
1805 1076 2230 1161 oculorum
2293 1079 2547 1158 aciem
2583 1075 2854 1170 cadit,
2921 1072 3256 1157 exhibet
3291 1106 3530 1167 unam

563 1201 980 1284 mulierem
1036 1194 1434 1310 De'vadcisi
1482 1201 1612 1287 seu
1677 1203 1990 1285 delubri
2038 1202 2415 1286 famulam
2469 1227 2691 1282 more
2745 1198 3235 1281 feminarum
3294 1212 3528 1316 regni

563 1326 941 1426 Madure,
1008 1326 1300 1411 littoris
1362 1330 1942 1412 Coromandelici
1983 1334 2059 1411 δι
2131 1331 2418 1412 OrIxae
2484 1327 2846 1409 indutam
2898 1383 2921 1405 .
3007 1326 3260 1407 Manu
3317 1339 3534 1440 gerit

557 1445 818 1534 facem
870 1451 1282 1546 Indicam,
1345 1454 1451 1534 de
1512 1481 1671 1566 qua
1743 1454 1922 1535 vide
1998 1448 2470 1550 Tavernier,
2519 1475 2778 1563 eaque
2846 1449 3140 1531 malum
3191 1460 3532 1559 genium

558 1569 776 1658 facie
838 1577 1089 1660 rubea
1148 1577 1474 1660 horrida
1534 1637 1561 1675 ,
1624 1577 2009 1690 pileoque
2076 1604 2419 1663 recurvo
2492 1573 2885 1688 insignem
2954 1570 3293 1658 sacrario
3349 1580 3533 1665 infi-

555 1697 890 1784 dentem
946 1702 1222 1811 pellit3
1287 1703 1506 1812 quod
1561 1704 1842 1786 harum
1906 1701 2388 1786 famularum
2449 1727 2746 1786 munus
2784 1696 2945 1782 est.
3014 1699 3255 1780 Latus
3287 1695 3529 1790 sacra-

561 1824 656 1905 rii
720 1828 1111 1911 extimum
1168 1825 1543 1909 sinistrum
1604 1826 1954 1939 praefert
2005 1830 2237 1913 aliam
2315 1823 2726 1932 De‘wdafi
2777 1850 3017 1907 manu
3083 1821 3345 1910 facem
3406 1829 3533 1915 se-

543 1969 877 2033 ‘rentem
913 2011 936 2033 .
1001 1955 1254 2064 Supra
1316 1950 1511 2035 stant
1556 1954 1726 2036 duo
1779 1955 1960 2037 Indi
2049 1953 2338 2036 habitu
2434 1953 2792 2037 virorum
2848 1945 3530 2061 septemtrionalis

560 2073 838 2156 Indiae
905 2075 1218 2174 induti,
1284 2100 1389 2159 ex
1452 2105 1613 2189 qua
1696 2077 1854 2162 hoc
1920 2075 2344 2161 sacrarium
2433 2079 2512 2160 in
2595 2069 2958 2158 museum
3024 2075 3526 2188 Borgianum

556 2194 817 2309 longo
876 2204 1223 2285 circuitu
1273 2202 1576 2283 illatum
1637 2201 1862 2286 fuiffe
1923 2206 2404 2286 coniicimus
2472 2257 2492 2281 .
2592 2201 2959 2282 Deorum
3060 2201 3527 2293 Indicorum

465 2391 486 2420 ,,,
539 2347 938 2419 ornatus,
1013 2351 1100 2409 ut
1159 2320 1544 2410 scrutanti
1597 2354 1691 2410 ac
1749 2330 2260 2440 antiquitatis
2352 2319 2670 2410 curioso
2740 2321 3190 2434 indagaturi
3276 2327 3521 2418 facile

535 2449 809 2529 -videri
863 2449 1118 2564 potest
1152 2511 1178 2546 ,
1244 2478 1434 2533 cum
1483 2456 1836 2566 antiquo
1896 2455 2198 2538 Medico
2241 2457 2317 2533 δι
2366 2446 2598 2562 saepe
2661 2475 2850 2530 cum
2912 2453 3349 2565 Aegyptiace
3385 2486 3523 2542 ve.

557 2568 836 2654 stiendi
888 2603 1113 2657 more
1147 2576 1401 2658 'valde
1451 2581 1891 2660 convenit.
1962 2579 2171 2660 Vide
2224 2573 2602 2685 Xenoph.
2648 2576 2740 2656 de
2796 2573 2967 2680 Cyri
3017 2575 3243 2679 irstit.
3323 2583 3522 2668 edit.

475 2767 482 2776 .
554 2695 808 2778 Lond.
850 2724 944 2802 17
968 2705 1105 2802 38.
1149 2727 1324 2810 pag.
1349 2729 1380 2781 1
1412 2730 1484 2797 5.
1522 2706 1600 2782 δι
1635 2707 1848 2785 varia
1884 2725 2411 2784 monumenta
2452 2698 2948 2812 Aegyptiaca
2985 2703 3196 2810 apud
3223 2708 3523 2820 caytus,

551 2843 648 2902 ac
715 2824 793 2902 iu
863 2820 1141 2906 museo
1208 2826 1567 2935 Bor-ginno
1623 2823 1957 2908 Velitris
1993 2873 2018 2893 ·
2082 2826 2264 2909 Indi
2326 2827 2602 2936 itaque
2657 2825 2734 2905 in
2792 2822 3133 2952 deorum
3193 2822 3521 2922 suorum

550 2967 846 3028 ornatu
915 2975 1099 3030 cum
1169 2951 1584 3032 veteribus
1640 2952 1890 3034 Medis
1950 2953 2448 3035 conveniunt
2505 3007 2531 3046 ,
2599 2974 2780 3031 nam
2834 2951 3257 3060 pigmenta
3328 2985 3523 3045 ocu.

551 3068 813 3153 lorum
873 3067 1336 3182 praesertim
1390 3072 1933 3158 femineorum
2003 3141 2029 3175 ,
2081 3073 2506 3158 -ascititiae
2558 3098 2839 3157 comae
2935 3074 3153 3159 elida
3208 3079 3521 3188 didiae,

553 3220 760 3309 quas
817 3198 1040 3309 Magi
1095 3199 1395 3311 gestant
1433 3260 1455 3292 ,
1523 3226 2008 3313 purpureae·
2062 3204 2388 3283 tunicae
2473 3194 2609 3281 seu
2685 3195 3050 3283 sindones
3101 3259 3128 3299 ,
3217 3209 3522 3318 quibus

550 3319 666 3403 dii
725 3317 1258 3437 hominesque
1317 3326 1393 3407 in
1428 3318 1910 3409 solemnibus
1958 3327 2271 3438 pompis
2305 3320 2801 3424 vestiuntur,
2866 3346 3197 3437 torques
3230 3333 3521 3425 &.mo.

517 3442 749 3529 ··nilia
814 3448 912 3530 ad
965 3449 1256 3531 collum
1322 3509 1350 3549 ‚
1440 3440 1793 3532 armillae
1852 3453 2220 3533 manibus
2289 3443 2791 3561 pedibusque
2862 3445 3135 3539 inlitae
3187 3510 3214 3549 ,
3313 3484 3517 3567 quas

554 3575 780 3659 Medi
796 3570 1314 3683 ’gestabant‚
1381 3574 1627 3657 etiam
1681 3575 1945 3659 Indici
2003 3575 2115 3658 dii
2175 3573 2536 3686 gestant.
2602 3574 2811 3658 Utra
2839 3597 3029 3655 vero
3062 3600 3267 3688 gens
3297 3577 3520 3674 hunc

557 3696 872 3783 cultum
928 3698 1031 3780 ab
1075 3700 1229 3785 alia
1293 3700 1754 3813 acceperit,
1819 3697 2173 3788 nostrum
2239 3725 2406 3787 non
2458 3696 2568 3783 est
2610 3698 3082 3817 inquirere.

3362 4952 3531 5071 sA-
