4299 5782
866 283 917 356 6

801 298 1057 540 Ξαιὲζὸ
1125 431 1464 514 Dherma
1524 425 1651 514 vel
1698 366 2047 514 Dharma
2106 419 2829 560 Samserdamicum
2926 424 3010 511 in
3089 420 3254 543 ipsa
3323 426 3788 545 gentilitia,

798 594 1397 714 De'vanagart’ca
1438 596 1721 682 Indica
1765 597 2039 709 lingua
2082 594 2436 684 valorem
2490 600 2569 680 &
2617 588 2903 679 sonum
2935 594 3204 707 perdit
3232 658 3258 697 ‚
3322 601 3404 685 in
3441 632 3534 691 ea
3565 598 3782 693 enim
3929 713 3936 721 Ι

756 908 773 918 ‘
804 779 1178 869 scribitur
1216 758 1501 939 2155
1555 779 1854 861 dat-mm
1882 836 1908 877 ,
1942 802 2151 891 opus
2183 775 2493 860 bonum
2528 836 2554 878 ,
2588 780 2663 860 δι
2706 756 3295 939 Μή
3371 784 3788 890 „marm-st,

807 973 1186 1066 operator
1223 952 1407 1033 mali
1442 1013 1463 1036 .
1530 943 1741 1034 Vide
1763 969 2005 1056 p.95.
2032 940 2133 1029 ό*
2186 955 2328 1053 96.
2360 947 2438 1032 in
2473 945 2935 1059 Alphabeto
2973 949 3588 1034 Brammhanico
3646 947 3784 1036 seu

808 1077 1246 1187 Indqstano.
1312 1074 1427 1160 At
1470 1098 1665 1159 vero
1720 1069 2004 1182 lingua
2058 1067 2681 1213 Samfcrdamica
2737 1071 3326 1159 charaCteribus
3386 1076 3788 1162 Grantha·

810 1249 1041 1335 micis
1078 1250 1455 1341 exarata,
1515 1236 1677 1325 fert
1736 1214 1989 1341 0⁴³¹ssssss
2053 1240 2392 1324 Dherma
2421 1232 2559 1329 seu
2594 1239 2938 1325 Dharma
2968 1238 3016 1341 ς’
3058 1246 3138 1326 δι
3201 1214 3806 1372 ἓαηωὲᾎρἳ

676 1437 686 1447 ’
801 1411 1405 1508 Adharmishda,
1467 1431 1655 1492 cum
1692 1410 1948 1521 prima
1980 1408 2255 1496 littera
2313 1437 2367 1491 a
2416 1408 2805 1522 privativa
2840 1466 2867 1507 ,
2921 1437 3133 1524 quae
3178 1406 3488 1496 sensum
3521 1412 3720 1497 facit
3757 1445 3782 1497 t

804 1548 1011 1630 bomo
1070 1568 1211 1627 non
1272 1560 1601 1647 operans.
1642 1534 1911 1618 bonum
1943 1595 1971 1635 ,
2023 1535 2336 1642 vitiqfits
2363 1594 2388 1635 ,
2442 1563 2493 1618 a
2544 1537 2841 1621 virtute
2883 1537 3168 1621 alienus
3191 1601 3212 1624 .
3285 1540 3592 1623 Littera
3634 1542 3788 1654 pri·

806 1743 943 1801 ma
1007 1705 1633 1798 Samscrdamica
1683 1729 1762 1782 ω
1827 1706 2035 1790 valet
2090 1687 2432 1790 latinum
2479 1702 2644 1805 Ab„
2683 1698 2820 1790 seu
2871 1708 2980 1790 dd
3013 1706 3229 1792 forte
3259 1713 3335 1792 δι
3374 1734 3557 1792 cum
3598 1704 3793 1823 aspi·

803 1886 1123 1970 ratione
1150 1942 1175 1967 .
1242 1878 1452 1965 Vide
1489 1854 2037 1991 Alphabetum
2072 1867 2789 1958 Samscrdamicum
2830 1901 2911 1984 p.
2946 1901 3093 1997 27.
3136 1880 3371 1993 Quae
3400 1876 3776 1990 quidem,

803 2035 994 2099 cum
1057 2034 1209 2092 nec
1272 2006 1665 2101 Graecis,
1733 2028 1885 2086 nec
1939 2001 2377 2111 Aegyptiis
2416 2057 2442 2098 ,
2502 2026 2656 2083 nec
2708 2002 3115 2090 Tibeticis
3161 2028 3304 2087 aut
3367 1998 3781 2087 Hetruscis

807 2133 1232 2219 elementis
1293 2132 1406 2214 illi
1454 2123 1655 2212 sono
1710 2123 2460 2243 aequipollentibus
2512 2129 2856 2237 exprimi
2937 2126 3165 2240 poffit
3227 2185 3272 2226 ,-
3342 2130 3531 2212 inde
3600 2153 3789 2213 nata

808 2257 920 2345 est
970 2259 1384 2369 corruptio
1442 2255 1811 2340 dictionis
1877 2252 2217 2336 Dberma
2256 2311 2282 2348 ,
2340 2252 2453 2334 ita
2490 2276 2577 2335 ut
2622 2254 2921 2338 Graeci
2985 2265 3277 2341 Herma
3312 2313 3337 2353 ,
3367 2253 3787 2366 'Aegyptii

802 2387 1082 2473 Arma?
1129 2440 1159 2483 ,
1224 2376 1592 2468 Hetrusci
1650 2372 1880 2462 Turm
1944 2437 1970 2478 ,
2029 2376 2159 2462 vel
2215 2370 2482 2462 Turms
2541 2370 2986 2462 scriberent
3053 2445 3074 2467 .
3176 2382 3307 2465 De
3379 2381 3792 2464 Mercurio

802 2514 1086 2627 itaque
1150 2534 1436 2591 omnes
1500 2528 1784 2619 gentes
1824 2505 2037 2588 inter
2108 2498 2187 2588 se
2250 2504 2913 2602 conveniebant,
2975 2509 3078 2591 de
3133 2512 3463 2590 nomine
3513 2532 3792 2592 autem

799 2637 898 2721 lis
968 2632 1397 2723 remansit,
1463 2658 1650 2717 eum
1711 2655 2009 2713 numen
2064 2633 2141 2711 &
2198 2656 2496 2714 nomen
2562 2656 2724 2712 non
2765 2631 3111 2741 patrium
3150 2658 3242 2716 ac
3282 2633 3791 2735 natalitium,

800 2757 943 2846 sed
999 2760 1322 2846 aliunde
1361 2817 1388 2859 ,
1450 2758 1538 2842 id
1603 2754 1767 2855 est,
1832 2780 1933 2838 ex
1988 2757 2220 2840 India
2265 2759 2589 2842 allatum
2651 2753 2843 2840 effet
2900 2814 2928 2854 ,
3015 2784 3113 2843 ac
3184 2763 3504 2845 incerto
3597 2750 3796 2843 sono

803 2886 1118 3003 ubique
1178 2886 1551 2997 gentium
1605 2876 2108 2997 proferretur
2180 2940 2208 2967 .
2293 2882 2894 2969 Grammaticae
2971 2876 3155 2968 sunt
3249 2883 3401 2968 hae
3480 2886 3795 2987 tricae,

800 3009 1124 3114 fastidio
1187 3019 1267 3097 &
1320 3005 1884 3123 asperitatibus
1933 3009 2277 3120 plenae,
2343 3005 2478 3092 sed
2529 3007 3081 3119 expediendae
3132 3033 3365 3094 erant
3399 3069 3425 3108 ,
3491 3036 3594 3093 ne
3655 3011 3798 3095 ali·

800 3159 973 3252 qua
1035 3136 1526 3248 ambiguitas
1593 3129 2021 3247 superesset
2063 3195 2089 3237 ,
2152 3160 2362 3251 quae
2429 3136 2754 3248 Oedipo
2828 3134 3251 3247 indigeat·
3317 3133 3640 3222 Confer
3671 3130 3800 3222 su-

799 3289 952 3376 pra
1000 3290 1185 3376 pag.
1221 3290 1306 3370 4.
1371 3287 1446 3364 5.
1496 3270 1579 3343 6.
1631 3289 1714 3366 7.

1006 3457 1043 3517 1
1073 3457 1149 3515 1.
1292 3452 1432 3509 oen
1463 3451 1554 3510 tn
1584 3434 1746 3508 ¹328
1795 3424 2051 3540 agada
2100 3421 2244 3512 seu
2300 3423 2561 3541 ageda
2608 3453 2752 3514 ore
2806 3429 3312 3534 Germanico
3339 3433 3795 3548 prolatum.

810 3646 1073 3729 «3135ss
1143 3641 1350 3756 gada
1386 3704 1409 3741 ,
1471 3642 1866 3726 ambulans
1894 3701 1921 3745 ,
1970 3603 2291 3755 pergen}
2325 3702 2351 3742 ,
2410 3642 2702 3728 mobilis
2743 3701 2766 3725 .
2865 3670 3114 3731 mm
3133 3652 3270 3726 ‘328
3324 3648 3796 3762 agadfficum

720 3823 725 3830 ’
800 3810 1082 3897 littera
1135 3812 1392 3927 prima
1434 3841 1488 3895 a
1540 3813 1986 3926 privativa,
2048 3837 2211 3894 non
2271 3810 2691 3910 ambulans
2725 3875 2752 3915 ,
2816 3814 3306 3916 immobilis,
3371 3842 3539 3901 non
3583 3817 3798 3902 ince-

800 3937 1069 4037 dens,
1115 3938 1223 4057 .id
1280 3934 1444 4039 est,
1508 3932 1853 4041 sedens,
1917 3936 2574 4050 contemplator,
2638 3943 2969 4056 quietus
3011 4002 3040 4044 ,
3103 3941 3504 4027 meditans
3564 4003 3592 4043 ,
3656 3945 3803 4027 im-

797 4064 1183 4166 mobilis,
1248 4086 1422 4179 quo
1459 4063 1707 4149 modo
1740 4069 1819 4150 &
1852 4061 2109 4151 forma
2137 4063 2321 4148 Indi
2359 4123 2388 4164 ,
2442 4066 2839 4154 Tibetani
2871 4129 2897 4170 ,
2953 4071 3316 4181 Peguani
3352 4126 3379 4168 ,
3439 4069 3797 4152 Siamen·

797 4188 919 4276 ses
955 4253 981 4294 ,
1040 4184 1414 4276 Sinenses
1469 4191 1969 4276 Mercurium
2010 4257 2031 4293 ,
2094 4194 2261 4300 Po,
2323 4190 2665 4277 Samana
2701 4189 2862 4279 -seu
2917 4193 3279 4279 Budham
3350 4192 3793 4281 exhibent,

799 4314 1010 4401 Vide
1057 4313 1289 4433 supra
1340 4319 1712 4435 quinque
1772 4315 2192 4403 fimulacra.
2232 4312 2483 4402 musei
2539 4320 2916 4434 Eorgiani
2952 4380 2976 4422 ,
3040 4313 3372 4443 systema
3416 4317 3795 4409 Brahma·

800 4442 1079 4525 nicum
1132 4445 1299 4528 rab.
1334 4469 1474 4531 xx.
1534 4447 1616 4529 δι
1675 4446 2070 4532 Pivatium
2125 4463 2303 4531 tom.
2339 4446 2423 4529 8.
2489 4444 2651 4529 tab.
2684 4476 2829 4557 41.
2858 4450 3012 4566 fig.
3064 4476 3136 4532 t.
3197 4441 3299 4534 ὰ
3365 4476 3443 4534 2.
3522 4448 3794 4534 Court

802 4567 908 4652 de
961 4565 1313 4653 Gebelin
1361 4594 1539 4655 tvm.
1568 4596 1646 4680 3.
1696 4564 2013 4683 ‘plant-be
2039 4572 2193 4671 11.,
2260 4569 2400 4655 ubi
2436 4597 2537 4657 ex
2575 4575 3231 4661 Montefalconio
3292 4576 3796 4661 Mercurium

794 4691 1214 4779 sedentem
1265 4693 1597 4778 exhibet
1662 4697 1877 4809 gallo
1935 4703 2015 4783 δι
2071 4697 2327 4783 ariete
2387 4699 2656 4788 eidem
2717 4701 3070 4789 adstante
3104 4762 3138 4808 ·.
3199 4706 3475 4820 Quare
3521 4702 3603 4787 in
3662 4702 3796 4786 lit·

798 4842 979 4914 tore
1031 4814 1527 4920 Malabarico
1580 4822 1658 4903 δε
1708 4825 1794 4908 in
1851 4819 2107 4912 insula
2166 4823 2481 4943 Ceylan
2528 4831 2692 4917 ioci
2759 4830 3021 4945 gratia
3082 4826 3247 4918 dici
3299 4823 3502 4918 solet
3568 4864 3593 4910 ε
3662 4831 3795 4909 se-

3672 4948 3800 5034 dos
