<?xml version="1.0" encoding="UTF-8"?>
<!DOCTYPE html PUBLIC "-//W3C//DTD XHTML 1.0 Transitional//EN"
    "http://www.w3.org/TR/xhtml1/DTD/xhtml1-transitional.dtd">
<html xmlns="http://www.w3.org/1999/xhtml" xml:lang="en" lang="en">
 <head>
  <title>
</title>
<meta http-equiv="Content-Type" content="text/html;charset=utf-8" />
  <meta name='ocr-system' content='tesseract 3.04.00' />
  <meta name='ocr-capabilities' content='ocr_page ocr_carea ocr_par ocr_line ocrx_word'/>
</head>
<body>
  <div class='ocr_page' id='page_1' title='image "./museiborgianive00bartgoog/museiborgianive00bartgoog_0238.png"; bbox 0 0 4299 5782; ppageno 0'>
   <div class='ocr_carea' id='block_1_1' title="bbox 814 331 3680 671">
    <p class='ocr_par' dir='ltr' id='par_1_1' title="bbox 814 331 3680 671">
     <span class='ocr_line' id='line_1_1' title="bbox 814 331 986 396; baseline -0.006 -2"><span class='ocrx_word' id='word_1_1' title='bbox 814 331 986 396; x_wconf 60' lang='grc' dir='ltr'>,ω</span> 
     </span>
     <span class='ocr_line' id='line_1_2' title="bbox 897 447 3680 671; baseline -0.003 -37"><span class='ocrx_word' id='word_1_2' title='bbox 897 463 906 470; x_wconf 72' lang='grc'><strong>’</strong></span> <span class='ocrx_word' id='word_1_3' title='bbox 1081 512 1867 671; x_wconf 74' lang='lat' dir='ltr'><strong>SJACELLUM</strong></span> <span class='ocrx_word' id='word_1_4' title='bbox 1948 505 2584 622; x_wconf 85' lang='lat' dir='ltr'>INDICUM</span> <span class='ocrx_word' id='word_1_5' title='bbox 2668 447 3570 631; x_wconf 76' lang='lat' dir='ltr'><strong>TAMULICUM.</strong></span> <span class='ocrx_word' id='word_1_6' title='bbox 3648 479 3680 513; x_wconf 85' lang='lat'><strong><em>‘</em></strong></span> 
     </span>
    </p>
   </div>
   <div class='ocr_carea' id='block_1_2' title="bbox 1761 795 2706 909">
    <p class='ocr_par' dir='ltr' id='par_1_2' title="bbox 1761 795 2706 909">
     <span class='ocr_line' id='line_1_3' title="bbox 1761 795 2706 909; baseline -0.004 -27"><span class='ocrx_word' id='word_1_7' title='bbox 1761 877 1764 882; x_wconf 81' lang='grc'>.</span> <span class='ocrx_word' id='word_1_8' title='bbox 1903 826 2106 886; x_wconf 83' lang='lat' dir='ltr'>num.</span> <span class='ocrx_word' id='word_1_9' title='bbox 2145 825 2188 883; x_wconf 77' lang='lat' dir='ltr'>a</span> <span class='ocrx_word' id='word_1_10' title='bbox 2201 856 2223 883; x_wconf 88' lang='lat'><strong>.</strong></span> <span class='ocrx_word' id='word_1_11' title='bbox 2290 825 2395 883; x_wconf 79' lang='lat' dir='ltr'>ex</span> <span class='ocrx_word' id='word_1_12' title='bbox 2451 795 2649 909; x_wconf 74' lang='lat' dir='ltr'><em>ligno</em></span> <span class='ocrx_word' id='word_1_13' title='bbox 2680 851 2706 878; x_wconf 88' lang='lat'><strong>.</strong></span> 
     </span>
    </p>
   </div>
   <div class='ocr_carea' id='block_1_3' title="bbox 672 929 3792 4967">
    <p class='ocr_par' dir='ltr' id='par_1_3' title="bbox 806 929 3792 2148">
     <span class='ocr_line' id='line_1_4' title="bbox 813 929 3792 1160; baseline -0.003 -16"><span class='ocrx_word' id='word_1_14' title='bbox 813 929 1378 1144; x_wconf 80' lang='lat' dir='ltr'>Sacrarium</span> <span class='ocrx_word' id='word_1_15' title='bbox 1432 1045 1594 1132; x_wconf 86' lang='lat' dir='ltr'>hoc</span> <span class='ocrx_word' id='word_1_16' title='bbox 1655 1072 1760 1133; x_wconf 79' lang='lat' dir='ltr'>ex</span> <span class='ocrx_word' id='word_1_17' title='bbox 1822 1049 2052 1160; x_wconf 89' lang='lat' dir='ltr'>ligno</span> <span class='ocrx_word' id='word_1_18' title='bbox 2114 1045 2479 1159; x_wconf 83' lang='lat' dir='ltr'>pluribus</span> <span class='ocrx_word' id='word_1_19' title='bbox 2534 1047 2778 1132; x_wconf 85' lang='lat' dir='ltr'>valvis</span> <span class='ocrx_word' id='word_1_20' title='bbox 2843 1041 2981 1129; x_wconf 86' lang='lat' dir='ltr'>fibi</span> <span class='ocrx_word' id='word_1_21' title='bbox 3032 1065 3323 1131; x_wconf 86' lang='lat' dir='ltr'>mutuo</span> <span class='ocrx_word' id='word_1_22' title='bbox 3387 1051 3792 1154; x_wconf 75' lang='lat' dir='ltr'>annexis,&#39;</span> 
     </span>
     <span class='ocr_line' id='line_1_5' title="bbox 822 1170 3789 1286; baseline -0.003 -16"><span class='ocrx_word' id='word_1_23' title='bbox 822 1211 923 1270; x_wconf 80' lang='lat' dir='ltr'>ac</span> <span class='ocrx_word' id='word_1_24' title='bbox 986 1179 1223 1272; x_wconf 84' lang='lat' dir='ltr'>variis</span> <span class='ocrx_word' id='word_1_25' title='bbox 1278 1175 1578 1260; x_wconf 88' lang='lat' dir='ltr'>Indicis</span> <span class='ocrx_word' id='word_1_26' title='bbox 1643 1175 1984 1259; x_wconf 87' lang='lat' dir='ltr'>deorum</span> <span class='ocrx_word' id='word_1_27' title='bbox 2043 1171 2474 1257; x_wconf 78' lang='lat' dir='ltr'>simulacris</span> <span class='ocrx_word' id='word_1_28' title='bbox 2529 1178 2608 1257; x_wconf 77' lang='grc' dir='ltr'>δι</span> <span class='ocrx_word' id='word_1_29' title='bbox 2667 1172 3155 1286; x_wconf 86' lang='lat' dir='ltr'>imaginibus</span> <span class='ocrx_word' id='word_1_30' title='bbox 3205 1170 3568 1286; x_wconf 77' lang='lat' dir='ltr'>insigne,</span> <span class='ocrx_word' id='word_1_31' title='bbox 3628 1175 3789 1268; x_wconf 86' lang='lat' dir='ltr'>five</span> 
     </span>
     <span class='ocr_line' id='line_1_6' title="bbox 819 1299 3791 1417; baseline -0.002 -22"><span class='ocrx_word' id='word_1_32' title='bbox 819 1336 926 1395; x_wconf 79' lang='lat' dir='ltr'>ex</span> <span class='ocrx_word' id='word_1_33' title='bbox 989 1331 1255 1417; x_wconf 88' lang='lat' dir='ltr'>regno</span> <span class='ocrx_word' id='word_1_34' title='bbox 1310 1304 1644 1387; x_wconf 82' lang='lat' dir='ltr'>Madure</span> <span class='ocrx_word' id='word_1_35' title='bbox 1682 1362 1705 1396; x_wconf 87' lang='lat'><strong>,</strong></span> <span class='ocrx_word' id='word_1_36' title='bbox 1774 1299 1927 1384; x_wconf 88' lang='lat' dir='ltr'>five</span> <span class='ocrx_word' id='word_1_37' title='bbox 1968 1327 2072 1385; x_wconf 83' lang='lat' dir='ltr'>ex</span> <span class='ocrx_word' id='word_1_38' title='bbox 2140 1325 2282 1383; x_wconf 88' lang='lat' dir='ltr'>ora</span> <span class='ocrx_word' id='word_1_39' title='bbox 2336 1299 2711 1408; x_wconf 70' lang='lat' dir='ltr'>piscarta,</span> <span class='ocrx_word' id='word_1_40' title='bbox 2779 1324 3020 1412; x_wconf 82' lang='lat' dir='ltr'>quarn</span> <span class='ocrx_word' id='word_1_41' title='bbox 3078 1325 3279 1411; x_wconf 84' lang='lat' dir='ltr'>gens</span> <span class='ocrx_word' id='word_1_42' title='bbox 3313 1307 3620 1387; x_wconf 66' lang='lat' dir='ltr'>Pae-ava</span> <span class='ocrx_word' id='word_1_43' title='bbox 3664 1303 3791 1388; x_wconf 83' lang='lat' dir='ltr'>di·</span> 
     </span>
     <span class='ocr_line' id='line_1_7' title="bbox 809 1418 3785 1538; baseline -0.003 -17"><span class='ocrx_word' id='word_1_44' title='bbox 809 1439 940 1521; x_wconf 67' lang='lat' dir='ltr'>&amp;a</span> <span class='ocrx_word' id='word_1_45' title='bbox 989 1432 1336 1527; x_wconf 86' lang='lat' dir='ltr'>incolit,</span> <span class='ocrx_word' id='word_1_46' title='bbox 1399 1429 1483 1509; x_wconf 89' lang='lat' dir='ltr'>in</span> <span class='ocrx_word' id='word_1_47' title='bbox 1548 1428 1955 1538; x_wconf 85' lang='lat' dir='ltr'><strong>Europam</strong></span> <span class='ocrx_word' id='word_1_48' title='bbox 2008 1452 2102 1510; x_wconf 86' lang='lat' dir='ltr'>ac</span> <span class='ocrx_word' id='word_1_49' title='bbox 2160 1418 2524 1511; x_wconf 84' lang='lat' dir='ltr'>museum</span> <span class='ocrx_word' id='word_1_50' title='bbox 2556 1425 3056 1537; x_wconf 73' lang='lat' dir='ltr'>Boi-glanum</span> <span class='ocrx_word' id='word_1_51' title='bbox 3106 1425 3362 1536; x_wconf 85' lang='lat' dir='ltr'>longo</span> <span class='ocrx_word' id='word_1_52' title='bbox 3429 1428 3785 1513; x_wconf 87' lang='lat' dir='ltr'>circuitu</span> 
     </span>
     <span class='ocr_line' id='line_1_8' title="bbox 810 1548 3786 1670; baseline -0.003 -24"><span class='ocrx_word' id='word_1_53' title='bbox 810 1549 1420 1670; x_wconf 75' lang='lat' dir='ltr'>commigrasse,</span> <span class='ocrx_word' id='word_1_54' title='bbox 1480 1578 1578 1638; x_wconf 89' lang='lat' dir='ltr'>ac</span> <span class='ocrx_word' id='word_1_55' title='bbox 1641 1557 1912 1667; x_wconf 83' lang='lat' dir='ltr'>gentis</span> <span class='ocrx_word' id='word_1_56' title='bbox 1974 1548 2450 1637; x_wconf 85' lang='lat' dir='ltr'>Tamulicae</span> <span class='ocrx_word' id='word_1_57' title='bbox 2503 1560 2808 1635; x_wconf 84' lang='lat' dir='ltr'>Parava</span> <span class='ocrx_word' id='word_1_58' title='bbox 2864 1549 3122 1633; x_wconf 71' lang='lat' dir='ltr'>dietae</span> <span class='ocrx_word' id='word_1_59' title='bbox 3196 1548 3786 1666; x_wconf 82' lang='lat' dir='ltr'>mythologiam</span> 
     </span>
     <span class='ocr_line' id='line_1_9' title="bbox 809 1667 3790 1798; baseline -0.001 -29"><span class='ocrx_word' id='word_1_60' title='bbox 809 1680 1556 1798; x_wconf 86' lang='lat' dir='ltr'>superstionemque</span> <span class='ocrx_word' id='word_1_61' title='bbox 1623 1677 2073 1774; x_wconf 81' lang='lat' dir='ltr'>exhibere,</span> <span class='ocrx_word' id='word_1_62' title='bbox 2134 1676 2679 1762; x_wconf 82' lang='lat' dir='ltr'>demonstrant</span> <span class='ocrx_word' id='word_1_63' title='bbox 2729 1678 3045 1759; x_wconf 82' lang='lat' dir='ltr'>numeri</span> <span class='ocrx_word' id='word_1_64' title='bbox 3084 1667 3453 1759; x_wconf 70' lang='lat' dir='ltr'>Tamuiici</span> <span class='ocrx_word' id='word_1_65' title='bbox 3487 1678 3584 1762; x_wconf 86' lang='lat' dir='ltr'>ad</span> <span class='ocrx_word' id='word_1_66' title='bbox 3626 1681 3790 1765; x_wconf 81' lang='lat' dir='ltr'>val·</span> 
     </span>
     <span class='ocr_line' id='line_1_10' title="bbox 806 1796 3785 1918; baseline -0.002 -22"><span class='ocrx_word' id='word_1_67' title='bbox 806 1836 945 1897; x_wconf 85' lang='lat' dir='ltr'>vas</span> <span class='ocrx_word' id='word_1_68' title='bbox 1008 1812 1087 1891; x_wconf 79' lang='grc' dir='ltr'>δε</span> <span class='ocrx_word' id='word_1_69' title='bbox 1144 1804 1440 1918; x_wconf 84' lang='lat' dir='ltr'>figuras</span> <span class='ocrx_word' id='word_1_70' title='bbox 1500 1799 1840 1888; x_wconf 88' lang='lat' dir='ltr'>sacrario</span> <span class='ocrx_word' id='word_1_71' title='bbox 1900 1796 2341 1914; x_wconf 85' lang='lat' dir='ltr'>inscripti.</span> <span class='ocrx_word' id='word_1_72' title='bbox 2403 1806 2601 1888; x_wconf 88' lang='lat' dir='ltr'>Hae</span> <span class='ocrx_word' id='word_1_73' title='bbox 2636 1824 2879 1887; x_wconf 83' lang='lat' dir='ltr'>notae</span> <span class='ocrx_word' id='word_1_74' title='bbox 2938 1800 3388 1890; x_wconf 78' lang='lat' dir='ltr'>numerales</span> <span class='ocrx_word' id='word_1_75' title='bbox 3454 1799 3785 1892; x_wconf 71' lang='lat' dir='ltr'>Tamall-</span> 
     </span>
     <span class='ocr_line' id='line_1_11' title="bbox 797 1922 3781 2047; baseline -0.001 -28.992"><span class='ocrx_word' id='word_1_76' title='bbox 797 1941 943 2019; x_wconf 83' lang='lat' dir='ltr'>·eae</span> <span class='ocrx_word' id='word_1_77' title='bbox 998 1933 1357 2018; x_wconf 84' lang='lat' dir='ltr'>indicant</span> <span class='ocrx_word' id='word_1_78' title='bbox 1410 1930 1856 2030; x_wconf 81' lang='lat' dir='ltr'>ordinem,</span> <span class='ocrx_word' id='word_1_79' title='bbox 1915 1952 2088 2047; x_wconf 88' lang='lat' dir='ltr'>quo</span> <span class='ocrx_word' id='word_1_80' title='bbox 2153 1923 2509 2041; x_wconf 84' lang='lat' dir='ltr'>figurae</span> <span class='ocrx_word' id='word_1_81' title='bbox 2516 1922 2659 2014; x_wconf 82' lang='lat' dir='ltr'>fibi</span> <span class='ocrx_word' id='word_1_82' title='bbox 2724 1929 3080 2014; x_wconf 80' lang='lat' dir='ltr'>invicem</span> <span class='ocrx_word' id='word_1_83' title='bbox 3139 1922 3574 2019; x_wconf 83' lang='lat' dir='ltr'>succedere</span> <span class='ocrx_word' id='word_1_84' title='bbox 3640 1931 3781 2017; x_wconf 89' lang='lat' dir='ltr'>de·</span> 
     </span>
     <span class='ocr_line' id='line_1_12' title="bbox 808 2060 2561 2148; baseline 0.01 -3"><span class='ocrx_word' id='word_1_85' title='bbox 808 2060 1062 2148; x_wconf 87' lang='lat' dir='ltr'>bent.</span> <span class='ocrx_word' id='word_1_86' title='bbox 2552 2087 2561 2096; x_wconf 82' lang='lat'><strong><em>&#39;</em></strong></span> 
     </span>
    </p>

    <p class='ocr_par' dir='ltr' id='par_1_4' title="bbox 672 2173 3788 4911">
     <span class='ocr_line' id='line_1_13' title="bbox 1065 2173 3785 2294; baseline 0.001 -28"><span class='ocrx_word' id='word_1_87' title='bbox 1065 2183 1357 2294; x_wconf 83' lang='lat' dir='ltr'>Figura</span> <span class='ocrx_word' id='word_1_88' title='bbox 1411 2180 1478 2262; x_wconf 90' lang='grc' dir='ltr'>Ι.</span> <span class='ocrx_word' id='word_1_89' title='bbox 1517 2184 1598 2263; x_wconf 85' lang='lat'>&amp;</span> <span class='ocrx_word' id='word_1_90' title='bbox 1665 2179 2014 2262; x_wconf 83' lang='lat' dir='ltr'>maxima</span> <span class='ocrx_word' id='word_1_91' title='bbox 2070 2179 2151 2262; x_wconf 90' lang='lat' dir='ltr'>in</span> <span class='ocrx_word' id='word_1_92' title='bbox 2221 2174 2397 2290; x_wconf 85' lang='lat' dir='ltr'>ipso</span> <span class='ocrx_word' id='word_1_93' title='bbox 2463 2180 2755 2262; x_wconf 87' lang='lat' dir='ltr'>intimo</span> <span class='ocrx_word' id='word_1_94' title='bbox 2808 2177 3204 2289; x_wconf 82' lang='lat' dir='ltr'>penetrali</span> <span class='ocrx_word' id='word_1_95' title='bbox 3279 2173 3498 2265; x_wconf 88' lang='lat' dir='ltr'>sacro</span> <span class='ocrx_word' id='word_1_96' title='bbox 3570 2180 3785 2269; x_wconf 86' lang='lat' dir='ltr'>inter</span> 
     </span>
     <span class='ocr_line' id='line_1_14' title="bbox 805 2299 3790 2415; baseline 0 -22"><span class='ocrx_word' id='word_1_97' title='bbox 805 2308 1013 2394; x_wconf 82' lang='lat' dir='ltr'>duas</span> <span class='ocrx_word' id='word_1_98' title='bbox 1050 2309 1236 2392; x_wconf 87' lang='lat' dir='ltr'>alias</span> <span class='ocrx_word' id='word_1_99' title='bbox 1272 2305 1715 2405; x_wconf 81' lang='lat' dir='ltr'>collocata,</span> <span class='ocrx_word' id='word_1_100' title='bbox 1766 2302 1875 2387; x_wconf 85' lang='lat' dir='ltr'>est</span> <span class='ocrx_word' id='word_1_101' title='bbox 1924 2299 2087 2415; x_wconf 83' lang='lat' dir='ltr'>ipse</span> <span class='ocrx_word' id='word_1_102' title='bbox 2122 2303 2323 2388; x_wconf 87' lang='lat' dir='ltr'>deus</span> <span class='ocrx_word' id='word_1_103' title='bbox 2369 2305 2640 2388; x_wconf 78' lang='lat' dir='ltr'>Vishnu</span> <span class='ocrx_word' id='word_1_104' title='bbox 2687 2328 3063 2415; x_wconf 80' lang='lat' dir='ltr'>magnum</span> <span class='ocrx_word' id='word_1_105' title='bbox 3100 2303 3376 2388; x_wconf 83' lang='lat' dir='ltr'>Indiae</span> <span class='ocrx_word' id='word_1_106' title='bbox 3431 2333 3790 2397; x_wconf 84' lang='lat' dir='ltr'>numen.</span> 
     </span>
     <span class='ocr_line' id='line_1_15' title="bbox 808 2425 3789 2541; baseline -0.001 -23"><span class='ocrx_word' id='word_1_107' title='bbox 808 2434 1037 2519; x_wconf 84' lang='lat' dir='ltr'>Iacet</span> <span class='ocrx_word' id='word_1_108' title='bbox 1107 2430 1595 2516; x_wconf 87' lang='lat' dir='ltr'>convolutus</span> <span class='ocrx_word' id='word_1_109' title='bbox 1681 2453 1921 2513; x_wconf 90' lang='lat' dir='ltr'>terno</span> <span class='ocrx_word' id='word_1_110' title='bbox 2007 2425 2226 2541; x_wconf 79' lang='lat' dir='ltr'>quali</span> <span class='ocrx_word' id='word_1_111' title='bbox 2280 2431 2364 2511; x_wconf 88' lang='lat' dir='ltr'>in</span> <span class='ocrx_word' id='word_1_112' title='bbox 2457 2429 2846 2514; x_wconf 86' lang='lat' dir='ltr'>circulum</span> <span class='ocrx_word' id='word_1_113' title='bbox 2914 2429 3308 2513; x_wconf 80' lang='lat' dir='ltr'>redeunte</span> <span class='ocrx_word' id='word_1_114' title='bbox 3374 2435 3789 2533; x_wconf 84' lang='lat' dir='ltr'>circuitu,</span> 
     </span>
     <span class='ocr_line' id='line_1_16' title="bbox 801 2550 3787 2672; baseline 0.001 -31"><span class='ocrx_word' id='word_1_115' title='bbox 801 2561 894 2640; x_wconf 66' lang='grc' dir='ltr'>δι</span> <span class='ocrx_word' id='word_1_116' title='bbox 948 2584 995 2643; x_wconf 82' lang='lat' dir='ltr'>a</span> <span class='ocrx_word' id='word_1_117' title='bbox 1035 2581 1264 2672; x_wconf 86' lang='lat' dir='ltr'>parte</span> <span class='ocrx_word' id='word_1_118' title='bbox 1319 2553 1615 2670; x_wconf 82' lang='lat' dir='ltr'>postica</span> <span class='ocrx_word' id='word_1_119' title='bbox 1679 2555 2049 2668; x_wconf 89' lang='lat' dir='ltr'>quinque</span> <span class='ocrx_word' id='word_1_120' title='bbox 2110 2557 2438 2636; x_wconf 66' lang='lat' dir='ltr'>arreffls</span> <span class='ocrx_word' id='word_1_121' title='bbox 2487 2554 2889 2666; x_wconf 83' lang='lat' dir='ltr'>capitibus</span> <span class='ocrx_word' id='word_1_122' title='bbox 2932 2550 3421 2665; x_wconf 83' lang='lat' dir='ltr'>conspicuus</span> <span class='ocrx_word' id='word_1_123' title='bbox 3456 2553 3787 2668; x_wconf 83' lang='lat' dir='ltr'>serpens</span> 
     </span>
     <span class='ocr_line' id='line_1_17' title="bbox 797 2670 3788 2790; baseline 0.001 -22"><span class='ocrx_word' id='word_1_124' title='bbox 797 2687 1195 2769; x_wconf 69' lang='lat' dir='ltr'>Ananda.</span> <span class='ocrx_word' id='word_1_125' title='bbox 1242 2686 1336 2767; x_wconf 84' lang='lat' dir='ltr'>Ei</span> <span class='ocrx_word' id='word_1_126' title='bbox 1383 2679 1669 2766; x_wconf 80' lang='lat' dir='ltr'>insidet</span> <span class='ocrx_word' id='word_1_127' title='bbox 1728 2674 2158 2763; x_wconf 85' lang='lat' dir='ltr'>scabellum</span> <span class='ocrx_word' id='word_1_128' title='bbox 2186 2680 2773 2765; x_wconf 84' lang='lat' dir='ltr'>Brahmanibus</span> <span class='ocrx_word' id='word_1_129' title='bbox 2817 2670 2999 2790; x_wconf 71' lang='lat' dir='ltr'>pu‘da</span> <span class='ocrx_word' id='word_1_130' title='bbox 3047 2678 3411 2783; x_wconf 72' lang='lat' dir='ltr'>dietum,</span> <span class='ocrx_word' id='word_1_131' title='bbox 3472 2687 3551 2766; x_wconf 73' lang='grc' dir='ltr'>δι</span> <span class='ocrx_word' id='word_1_132' title='bbox 3590 2682 3788 2770; x_wconf 81' lang='lat' dir='ltr'>huic</span> 
     </span>
     <span class='ocr_line' id='line_1_18' title="bbox 681 2800 3785 2924; baseline -0 -27"><span class='ocrx_word' id='word_1_133' title='bbox 681 2875 686 2880; x_wconf 78' lang='lat'>·</span> <span class='ocrx_word' id='word_1_134' title='bbox 800 2806 1154 2897; x_wconf 83' lang='lat' dir='ltr'>scabello</span> <span class='ocrx_word' id='word_1_135' title='bbox 1205 2801 1370 2924; x_wconf 85' lang='lat' dir='ltr'>ipse</span> <span class='ocrx_word' id='word_1_136' title='bbox 1417 2808 1619 2891; x_wconf 89' lang='lat' dir='ltr'>deus</span> <span class='ocrx_word' id='word_1_137' title='bbox 1694 2804 2021 2891; x_wconf 79' lang='lat' dir='ltr'>Visbnu.</span> <span class='ocrx_word' id='word_1_138' title='bbox 2071 2800 2491 2921; x_wconf 85' lang='lat' dir='ltr'>Serpentis</span> <span class='ocrx_word' id='word_1_139' title='bbox 2555 2804 2937 2923; x_wconf 87' lang='lat' dir='ltr'>cucullati</span> <span class='ocrx_word' id='word_1_140' title='bbox 3008 2808 3332 2890; x_wconf 82' lang='lat' dir='ltr'>Ananda</span> <span class='ocrx_word' id='word_1_141' title='bbox 3403 2813 3785 2924; x_wconf 84' lang='lat' dir='ltr'>quinque</span> 
     </span>
     <span class='ocr_line' id='line_1_19' title="bbox 799 2932 3784 3051; baseline -0.002 -27"><span class='ocrx_word' id='word_1_142' title='bbox 799 2941 1084 3051; x_wconf 84' lang='lat' dir='ltr'>capita</span> <span class='ocrx_word' id='word_1_143' title='bbox 1134 2939 1435 3019; x_wconf 62' lang='lat' dir='ltr'>atresta</span> <span class='ocrx_word' id='word_1_144' title='bbox 1493 2937 1575 3016; x_wconf 77' lang='lat' dir='ltr'>dr</span> <span class='ocrx_word' id='word_1_145' title='bbox 1640 2937 1938 3017; x_wconf 85' lang='lat' dir='ltr'>reflexa</span> <span class='ocrx_word' id='word_1_146' title='bbox 1999 2936 2358 3018; x_wconf 86' lang='lat' dir='ltr'>numinis</span> <span class='ocrx_word' id='word_1_147' title='bbox 2411 2937 2655 3044; x_wconf 84' lang='lat' dir='ltr'>capiti</span> <span class='ocrx_word' id='word_1_148' title='bbox 2719 2934 3196 3030; x_wconf 85' lang='lat' dir='ltr'>imminent,</span> <span class='ocrx_word' id='word_1_149' title='bbox 3260 2960 3355 3017; x_wconf 93' lang='lat' dir='ltr'>ac</span> <span class='ocrx_word' id='word_1_150' title='bbox 3417 2934 3614 3018; x_wconf 86' lang='lat' dir='ltr'>illud</span> <span class='ocrx_word' id='word_1_151' title='bbox 3674 2932 3784 3018; x_wconf 83' lang='lat' dir='ltr'>fi-</span> 
     </span>
     <span class='ocr_line' id='line_1_20' title="bbox 719 3055 3786 3173; baseline -0.001 -25"><span class='ocrx_word' id='word_1_152' title='bbox 719 3086 728 3093; x_wconf 73' lang='lat'>·</span> <span class='ocrx_word' id='word_1_153' title='bbox 802 3062 1276 3148; x_wconf 87' lang='lat' dir='ltr'>billantibus</span> <span class='ocrx_word' id='word_1_154' title='bbox 1346 3061 1644 3171; x_wconf 83' lang='lat' dir='ltr'>linguis</span> <span class='ocrx_word' id='word_1_155' title='bbox 1699 3083 2153 3169; x_wconf 85' lang='lat' dir='ltr'>contegunt</span> <span class='ocrx_word' id='word_1_156' title='bbox 2222 3117 2247 3157; x_wconf 82' lang='lat'>‚</span> <span class='ocrx_word' id='word_1_157' title='bbox 2312 3081 2825 3173; x_wconf 83' lang='lat' dir='ltr'>temperant,</span> <span class='ocrx_word' id='word_1_158' title='bbox 2891 3055 3347 3141; x_wconf 82' lang='lat' dir='ltr'>custodiunt</span> <span class='ocrx_word' id='word_1_159' title='bbox 3410 3118 3436 3159; x_wconf 81' lang='lat'>‚</span> <span class='ocrx_word' id='word_1_160' title='bbox 3500 3085 3594 3144; x_wconf 85' lang='lat' dir='ltr'>ac</span> <span class='ocrx_word' id='word_1_161' title='bbox 3642 3059 3786 3147; x_wconf 86' lang='lat' dir='ltr'>de-</span> 
     </span>
     <span class='ocr_line' id='line_1_21' title="bbox 801 3183 3788 3300; baseline -0 -29"><span class='ocrx_word' id='word_1_162' title='bbox 801 3183 1214 3272; x_wconf 86' lang='lat' dir='ltr'>fendunt.</span> <span class='ocrx_word' id='word_1_163' title='bbox 1283 3187 1602 3271; x_wconf 86' lang='lat' dir='ltr'>Vishnu</span> <span class='ocrx_word' id='word_1_164' title='bbox 1652 3183 2094 3295; x_wconf 26' lang='lat' dir='ltr'>exhibet-ur</span> <span class='ocrx_word' id='word_1_165' title='bbox 2140 3183 2358 3270; x_wconf 86' lang='lat' dir='ltr'>facie</span> <span class='ocrx_word' id='word_1_166' title='bbox 2415 3192 2654 3300; x_wconf 85' lang='lat' dir='ltr'>nigro</span> <span class='ocrx_word' id='word_1_167' title='bbox 2733 3183 3103 3269; x_wconf 87' lang='lat' dir='ltr'>caerulea</span> <span class='ocrx_word' id='word_1_168' title='bbox 3156 3244 3182 3280; x_wconf 88' lang='lat'><strong>,</strong></span> <span class='ocrx_word' id='word_1_169' title='bbox 3249 3185 3504 3272; x_wconf 83' lang='lat' dir='ltr'>oculis</span> <span class='ocrx_word' id='word_1_170' title='bbox 3574 3184 3788 3270; x_wconf 87' lang='lat' dir='ltr'>albi·</span> 
     </span>
     <span class='ocr_line' id='line_1_22' title="bbox 804 3303 3779 3425; baseline 0 -30"><span class='ocrx_word' id='word_1_171' title='bbox 804 3311 1235 3414; x_wconf 82' lang='lat' dir='ltr'>cantibus,</span> <span class='ocrx_word' id='word_1_172' title='bbox 1281 3310 1611 3425; x_wconf 83' lang='lat' dir='ltr'>pupillis</span> <span class='ocrx_word' id='word_1_173' title='bbox 1665 3313 1967 3423; x_wconf 85' lang='lat' dir='ltr'>nigris,</span> <span class='ocrx_word' id='word_1_174' title='bbox 2027 3306 2300 3395; x_wconf 87' lang='lat' dir='ltr'>fronte</span> <span class='ocrx_word' id='word_1_175' title='bbox 2356 3314 2616 3397; x_wconf 89' lang='lat' dir='ltr'>rubeo</span> <span class='ocrx_word' id='word_1_176' title='bbox 2691 3310 2891 3396; x_wconf 87' lang='lat' dir='ltr'>deae</span> <span class='ocrx_word' id='word_1_177' title='bbox 2948 3303 3304 3395; x_wconf 75' lang='lat' dir='ltr'>Bbava‘nl</span> <span class='ocrx_word' id='word_1_178' title='bbox 3361 3308 3591 3424; x_wconf 86' lang='lat' dir='ltr'>figno</span> <span class='ocrx_word' id='word_1_179' title='bbox 3649 3310 3779 3397; x_wconf 87' lang='lat' dir='ltr'>di-</span> 
     </span>
     <span class='ocr_line' id='line_1_23' title="bbox 803 3430 3775 3550; baseline 0.001 -30"><span class='ocrx_word' id='word_1_180' title='bbox 803 3434 1081 3522; x_wconf 69' lang='lat' dir='ltr'>stincta</span> <span class='ocrx_word' id='word_1_181' title='bbox 1129 3495 1154 3520; x_wconf 89' lang='lat'><strong>.</strong></span> <span class='ocrx_word' id='word_1_182' title='bbox 1241 3440 1597 3520; x_wconf 83' lang='lat' dir='ltr'>Naturae</span> <span class='ocrx_word' id='word_1_183' title='bbox 1661 3432 1930 3520; x_wconf 87' lang='lat' dir='ltr'>semen</span> <span class='ocrx_word' id='word_1_184' title='bbox 1997 3434 2076 3517; x_wconf 84' lang='lat' dir='ltr'>in</span> <span class='ocrx_word' id='word_1_185' title='bbox 2158 3463 2281 3520; x_wconf 87' lang='lat' dir='ltr'>res</span> <span class='ocrx_word' id='word_1_186' title='bbox 2347 3435 2451 3550; x_wconf 82' lang='lat' dir='ltr'>ph</span> <span class='ocrx_word' id='word_1_187' title='bbox 2520 3436 2704 3522; x_wconf 83' lang='lat' dir='ltr'>ficas</span> <span class='ocrx_word' id='word_1_188' title='bbox 2771 3431 3225 3549; x_wconf 83' lang='lat' dir='ltr'>prolapsum</span> <span class='ocrx_word' id='word_1_189' title='bbox 3291 3494 3321 3533; x_wconf 82' lang='lat'>‚</span> <span class='ocrx_word' id='word_1_190' title='bbox 3412 3430 3775 3550; x_wconf 84' lang='lat' dir='ltr'>deosque</span> 
     </span>
     <span class='ocr_line' id='line_1_24' title="bbox 799 3470 3769 3675; baseline 0.001 -26"><span class='ocrx_word' id='word_1_191' title='bbox 799 3587 1143 3649; x_wconf 81' lang='lat' dir='ltr'>naturae</span> <span class='ocrx_word' id='word_1_192' title='bbox 1201 3554 1340 3649; x_wconf 82' lang='lat' dir='ltr'>seu</span> <span class='ocrx_word' id='word_1_193' title='bbox 1400 3561 1760 3646; x_wconf 78' lang='lat' dir='ltr'>Bhavani</span> <span class='ocrx_word' id='word_1_194' title='bbox 1810 3561 2014 3645; x_wconf 85' lang='lat' dir='ltr'>deae</span> <span class='ocrx_word' id='word_1_195' title='bbox 2086 3552 2297 3647; x_wconf 81' lang='lat' dir='ltr'>filios</span> <span class='ocrx_word' id='word_1_196' title='bbox 2361 3470 2566 3661; x_wconf 48' lang='lat' dir='ltr'>edel,</span> <span class='ocrx_word' id='word_1_197' title='bbox 2628 3589 2770 3675; x_wconf 86' lang='lat' dir='ltr'>per</span> <span class='ocrx_word' id='word_1_198' title='bbox 2823 3566 2981 3646; x_wconf 86' lang='lat' dir='ltr'>hoc</span> <span class='ocrx_word' id='word_1_199' title='bbox 3042 3562 3389 3646; x_wconf 84' lang='lat' dir='ltr'>rubeum</span> <span class='ocrx_word' id='word_1_200' title='bbox 3454 3561 3769 3675; x_wconf 82' lang='lat' dir='ltr'>{ignum</span> 
     </span>
     <span class='ocr_line' id='line_1_25' title="bbox 803 3682 3770 3805; baseline 0.001 -35"><span class='ocrx_word' id='word_1_201' title='bbox 803 3687 1146 3773; x_wconf 88' lang='lat' dir='ltr'>deorum</span> <span class='ocrx_word' id='word_1_202' title='bbox 1212 3682 1465 3769; x_wconf 74' lang='lat' dir='ltr'>fronti</span> <span class='ocrx_word' id='word_1_203' title='bbox 1515 3689 1920 3799; x_wconf 60' lang='lat' dir='ltr'>appictum</span> <span class='ocrx_word' id='word_1_204' title='bbox 1983 3683 2408 3801; x_wconf 79' lang='lat' dir='ltr'>significari</span> <span class='ocrx_word' id='word_1_205' title='bbox 2445 3746 2468 3783; x_wconf 84' lang='lat'>,</span> <span class='ocrx_word' id='word_1_206' title='bbox 2532 3689 2691 3789; x_wconf 83' lang='lat' dir='ltr'>iam</span> <span class='ocrx_word' id='word_1_207' title='bbox 2749 3682 3360 3796; x_wconf 66' lang='lat' dir='ltr'>supradiximus</span> <span class='ocrx_word' id='word_1_208' title='bbox 3396 3748 3416 3768; x_wconf 91' lang='lat'><strong>.</strong></span> <span class='ocrx_word' id='word_1_209' title='bbox 3488 3693 3770 3805; x_wconf 80' lang='lat' dir='ltr'>Quare</span> 
     </span>
     <span class='ocr_line' id='line_1_26' title="bbox 800 3807 3775 3925; baseline 0.001 -32"><span class='ocrx_word' id='word_1_210' title='bbox 800 3810 1271 3895; x_wconf 87' lang='lat' dir='ltr'>Herodorus</span> <span class='ocrx_word' id='word_1_211' title='bbox 1335 3810 1465 3893; x_wconf 75' lang='lat' dir='ltr'>tib.</span> <span class='ocrx_word' id='word_1_212' title='bbox 1512 3839 1583 3894; x_wconf 87' lang='lat'>1.</span> <span class='ocrx_word' id='word_1_213' title='bbox 1603 3834 1782 3922; x_wconf 86' lang='lat' dir='ltr'>pag.</span> <span class='ocrx_word' id='word_1_214' title='bbox 1824 3837 1956 3923; x_wconf 86' lang='lat'>²7·</span> <span class='ocrx_word' id='word_1_215' title='bbox 2011 3812 2115 3896; x_wconf 89' lang='lat' dir='ltr'>de</span> <span class='ocrx_word' id='word_1_216' title='bbox 2149 3811 2389 3897; x_wconf 76' lang='lat' dir='ltr'>Pei-fis</span> <span class='ocrx_word' id='word_1_217' title='bbox 2428 3807 2748 3895; x_wconf 86' lang='lat' dir='ltr'>scribit:</span> <span class='ocrx_word' id='word_1_218' title='bbox 2827 3812 3150 3897; x_wconf 77' lang='lat' dir='ltr'>Uraniae</span> <span class='ocrx_word' id='word_1_219' title='bbox 3199 3841 3482 3925; x_wconf 71' lang='lat' dir='ltr'>queque</span> <span class='ocrx_word' id='word_1_220' title='bbox 3518 3813 3775 3919; x_wconf 69' lang='lat' dir='ltr'>fiacri-</span> 
     </span>
     <span class='ocr_line' id='line_1_27' title="bbox 773 3931 3776 4056; baseline 0.002 -38"><span class='ocrx_word' id='word_1_221' title='bbox 773 3937 1034 4051; x_wconf 78' lang='lat' dir='ltr'>ficant</span> <span class='ocrx_word' id='word_1_222' title='bbox 1082 3944 1115 4041; x_wconf 94' lang='lat'>(</span> <span class='ocrx_word' id='word_1_223' title='bbox 1169 3938 1473 4020; x_wconf 85' lang='lat' dir='ltr'>Veneri</span> <span class='ocrx_word' id='word_1_224' title='bbox 1520 3942 1599 4037; x_wconf 89' lang='lat'>).</span> <span class='ocrx_word' id='word_1_225' title='bbox 1666 3931 1933 4052; x_wconf 66' lang='lat' dir='ltr'>Aſjjrii</span> <span class='ocrx_word' id='word_1_226' title='bbox 1976 3945 2327 4021; x_wconf 78' lang='lat' dir='ltr'>Venerem</span> <span class='ocrx_word' id='word_1_227' title='bbox 2377 3940 2770 4056; x_wconf 73' lang='lat' dir='ltr'>Mylittam</span> <span class='ocrx_word' id='word_1_228' title='bbox 2834 3958 3114 4023; x_wconf 81' lang='lat' dir='ltr'>vocant</span> <span class='ocrx_word' id='word_1_229' title='bbox 3146 3996 3172 4029; x_wconf 82' lang='lat'>‚</span> <span class='ocrx_word' id='word_1_230' title='bbox 3230 3939 3520 4023; x_wconf 82' lang='lat' dir='ltr'>Arabes</span> <span class='ocrx_word' id='word_1_231' title='bbox 3575 3968 3776 4023; x_wconf 80' lang='lat' dir='ltr'>eam·</span> 
     </span>
     <span class='ocr_line' id='line_1_28' title="bbox 798 4061 3776 4173; baseline 0.002 -30"><span class='ocrx_word' id='word_1_232' title='bbox 798 4063 972 4145; x_wconf 83' lang='lat' dir='ltr'>dem</span> <span class='ocrx_word' id='word_1_233' title='bbox 1033 4061 1357 4146; x_wconf 73' lang='lat' dir='ltr'>Atinam</span> <span class='ocrx_word' id='word_1_234' title='bbox 1401 4064 1820 4171; x_wconf 83' lang='lat' dir='ltr'>appellant,</span> <span class='ocrx_word' id='word_1_235' title='bbox 1874 4065 2126 4173; x_wconf 59' lang='lat' dir='ltr'>Peg-fiae</span> <span class='ocrx_word' id='word_1_236' title='bbox 2159 4070 2539 4147; x_wconf 83' lang='lat' dir='ltr'>Metram.</span> <span class='ocrx_word' id='word_1_237' title='bbox 2605 4067 2992 4146; x_wconf 82' lang='lat' dir='ltr'>Sacrorum</span> <span class='ocrx_word' id='word_1_238' title='bbox 3034 4081 3285 4145; x_wconf 83' lang='lat' dir='ltr'>autem</span> <span class='ocrx_word' id='word_1_239' title='bbox 3315 4064 3595 4147; x_wconf 76' lang='lat' dir='ltr'>rituum</span> <span class='ocrx_word' id='word_1_240' title='bbox 3625 4064 3776 4148; x_wconf 72' lang='lat' dir='ltr'>cir·</span> 
     </span>
     <span class='ocr_line' id='line_1_29' title="bbox 672 4184 3759 4293; baseline 0.001 -21"><span class='ocrx_word' id='word_1_241' title='bbox 672 4265 681 4272; x_wconf 90' lang='lat'><strong>.</strong></span> <span class='ocrx_word' id='word_1_242' title='bbox 796 4213 885 4270; x_wconf 87' lang='lat' dir='ltr'>ca</span> <span class='ocrx_word' id='word_1_243' title='bbox 926 4186 1120 4293; x_wconf 68' lang='lat' dir='ltr'>Iuste</span> <span class='ocrx_word' id='word_1_244' title='bbox 1168 4188 1335 4269; x_wconf 85' lang='lat' dir='ltr'>deos</span> <span class='ocrx_word' id='word_1_245' title='bbox 1423 4197 1455 4289; x_wconf 92' lang='lat'>(</span> <span class='ocrx_word' id='word_1_246' title='bbox 1513 4186 1860 4272; x_wconf 81' lang='lat' dir='ltr'>Caelum</span> <span class='ocrx_word' id='word_1_247' title='bbox 1927 4185 2060 4272; x_wconf 91' lang='lat' dir='ltr'>seu</span> <span class='ocrx_word' id='word_1_248' title='bbox 2121 4188 2455 4287; x_wconf 85' lang='lat' dir='ltr'>Iovem,</span> <span class='ocrx_word' id='word_1_249' title='bbox 2518 4184 2851 4285; x_wconf 81' lang='lat' dir='ltr'>Solem,</span> <span class='ocrx_word' id='word_1_250' title='bbox 2898 4188 3267 4286; x_wconf 83' lang='lat' dir='ltr'>Lunam,</span> <span class='ocrx_word' id='word_1_251' title='bbox 3298 4190 3759 4292; x_wconf 81' lang='lat' dir='ltr'>tellurem,</span> 
     </span>
     <span class='ocr_line' id='line_1_30' title="bbox 737 4312 3771 4427; baseline 0.003 -36"><span class='ocrx_word' id='word_1_252' title='bbox 737 4312 1138 4422; x_wconf 83' lang='lat' dir='ltr'>-ignem‚</span> <span class='ocrx_word' id='word_1_253' title='bbox 1204 4336 1544 4425; x_wconf 87' lang='lat' dir='ltr'>aquam,</span> <span class='ocrx_word' id='word_1_254' title='bbox 1606 4333 1959 4408; x_wconf 81' lang='lat' dir='ltr'>ventos,</span> <span class='ocrx_word' id='word_1_255' title='bbox 2022 4337 2232 4426; x_wconf 87' lang='lat' dir='ltr'>quae</span> <span class='ocrx_word' id='word_1_256' title='bbox 2286 4314 2399 4395; x_wconf 91' lang='lat' dir='ltr'>ibi</span> <span class='ocrx_word' id='word_1_257' title='bbox 2467 4332 2967 4395; x_wconf 46' lang='lat' dir='ltr'>enumerata</span> <span class='ocrx_word' id='word_1_258' title='bbox 3023 4316 3475 4413; x_wconf 77' lang='lat' dir='ltr'>&gt;Hamonll</span> <span class='ocrx_word' id='word_1_259' title='bbox 3530 4344 3771 4427; x_wconf 81' lang='lat' dir='ltr'>quen·</span> 
     </span>
     <span class='ocr_line' id='line_1_31' title="bbox 798 4430 3761 4551; baseline 0.004 -35"><span class='ocrx_word' id='word_1_260' title='bbox 798 4435 980 4517; x_wconf 78' lang='lat' dir='ltr'>dam</span> <span class='ocrx_word' id='word_1_261' title='bbox 1044 4435 1553 4541; x_wconf 75' lang='lat' dir='ltr'>instituerunt.</span> <span class='ocrx_word' id='word_1_262' title='bbox 1607 4430 2167 4551; x_wconf 81' lang='lat' dir='ltr'>Quiscutnque</span> <span class='ocrx_word' id='word_1_263' title='bbox 2231 4430 2563 4519; x_wconf 87' lang='lat' dir='ltr'>numina</span> <span class='ocrx_word' id='word_1_264' title='bbox 2597 4433 2799 4520; x_wconf 88' lang='lat' dir='ltr'>hacc</span> <span class='ocrx_word' id='word_1_265' title='bbox 2834 4438 3135 4547; x_wconf 84' lang='lat' dir='ltr'>primus</span> <span class='ocrx_word' id='word_1_266' title='bbox 3194 4436 3601 4541; x_wconf 84' lang='lat' dir='ltr'>coluerit,</span> <span class='ocrx_word' id='word_1_267' title='bbox 3661 4466 3761 4527; x_wconf 81' lang='lat' dir='ltr'>ac</span> 
     </span>
     <span class='ocr_line' id='line_1_32' title="bbox 793 4552 3759 4678; baseline 0.004 -37"><span class='ocrx_word' id='word_1_268' title='bbox 793 4552 1200 4643; x_wconf 85' lang='lat' dir='ltr'>sacrorum</span> <span class='ocrx_word' id='word_1_269' title='bbox 1277 4565 1494 4646; x_wconf 89' lang='lat' dir='ltr'>circa</span> <span class='ocrx_word' id='word_1_270' title='bbox 1551 4588 1692 4645; x_wconf 88' lang='lat' dir='ltr'>eos</span> <span class='ocrx_word' id='word_1_271' title='bbox 1745 4564 1991 4643; x_wconf 84' lang='lat' dir='ltr'>ritum</span> <span class='ocrx_word' id='word_1_272' title='bbox 2053 4557 2540 4655; x_wconf 82' lang='lat' dir='ltr'>instituerit</span> <span class='ocrx_word' id='word_1_273' title='bbox 2602 4562 2824 4676; x_wconf 86' lang='lat' dir='ltr'>quod</span> <span class='ocrx_word' id='word_1_274' title='bbox 2888 4590 3048 4645; x_wconf 90' lang='lat' dir='ltr'>non</span> <span class='ocrx_word' id='word_1_275' title='bbox 3109 4563 3438 4678; x_wconf 81' lang='lat' dir='ltr'>liquet,</span> <span class='ocrx_word' id='word_1_276' title='bbox 3498 4566 3581 4649; x_wconf 88' lang='lat' dir='ltr'>id</span> <span class='ocrx_word' id='word_1_277' title='bbox 3630 4591 3759 4652; x_wconf 89' lang='lat' dir='ltr'>ta-</span> 
     </span>
     <span class='ocr_line' id='line_1_33' title="bbox 792 4686 3761 4810; baseline 0.003 -45"><span class='ocrx_word' id='word_1_278' title='bbox 792 4708 982 4766; x_wconf 88' lang='lat' dir='ltr'>men</span> <span class='ocrx_word' id='word_1_279' title='bbox 1027 4709 1341 4770; x_wconf 86' lang='lat' dir='ltr'>certum</span> <span class='ocrx_word' id='word_1_280' title='bbox 1403 4689 1482 4768; x_wconf 87' lang='lat'>&amp;</span> <span class='ocrx_word' id='word_1_281' title='bbox 1537 4687 2044 4798; x_wconf 79' lang='lat' dir='ltr'>exploratum</span> <span class='ocrx_word' id='word_1_282' title='bbox 2098 4686 2261 4778; x_wconf 78' lang='lat' dir='ltr'>est,</span> <span class='ocrx_word' id='word_1_283' title='bbox 2342 4693 2696 4770; x_wconf 85' lang='lat' dir='ltr'>Venerem</span> <span class='ocrx_word' id='word_1_284' title='bbox 2763 4692 3172 4787; x_wconf 70' lang='lat' dir='ltr'>Uraniam,</span> <span class='ocrx_word' id='word_1_285' title='bbox 3236 4718 3476 4805; x_wconf 86' lang='lat' dir='ltr'>quam</span> <span class='ocrx_word' id='word_1_286' title='bbox 3534 4689 3761 4810; x_wconf 85' lang='lat' dir='ltr'>Assy-</span> 
     </span>
     <span class='ocr_line' id='line_1_34' title="bbox 793 4806 3758 4967; baseline 0.003 -75"><span class='ocrx_word' id='word_1_287' title='bbox 793 4810 945 4945; x_wconf 80' lang='lat' dir='ltr'>rii,</span> <span class='ocrx_word' id='word_1_288' title='bbox 1007 4808 1320 4899; x_wconf 84' lang='lat' dir='ltr'>Arabes</span> <span class='ocrx_word' id='word_1_289' title='bbox 1379 4813 1458 4892; x_wconf 78' lang='grc' dir='ltr'>δι</span> <span class='ocrx_word' id='word_1_290' title='bbox 1520 4806 1836 4901; x_wconf 78' lang='lat' dir='ltr'>Persae</span> <span class='ocrx_word' id='word_1_291' title='bbox 1860 4810 2062 4897; x_wconf 86' lang='lat' dir='ltr'>olim</span> <span class='ocrx_word' id='word_1_292' title='bbox 2127 4809 2562 4967; x_wconf 78' lang='lat' dir='ltr'>colebant,</span> <span class='ocrx_word' id='word_1_293' title='bbox 2622 4814 2993 4909; x_wconf 78' lang='lat' dir='ltr'>eamdem</span> <span class='ocrx_word' id='word_1_294' title='bbox 3049 4810 3204 4902; x_wconf 80' lang='lat' dir='ltr'>effe</span> <span class='ocrx_word' id='word_1_295' title='bbox 3254 4842 3444 4905; x_wconf 86' lang='lat' dir='ltr'>cum</span> <span class='ocrx_word' id='word_1_296' title='bbox 3476 4815 3758 4905; x_wconf 81' lang='lat' dir='ltr'>Indica</span> 
     </span>
    </p>
   </div>
   <div class='ocr_carea' id='block_1_4' title="bbox 3568 4942 3765 5027">
    <p class='ocr_par' dir='ltr' id='par_1_5' title="bbox 3568 4942 3765 5027">
     <span class='ocr_line' id='line_1_35' title="bbox 3568 4942 3765 5027; baseline -0.01 1"><span class='ocrx_word' id='word_1_297' title='bbox 3568 4942 3765 5027; x_wconf 71' lang='lat' dir='ltr'>Rha-</span> 
     </span>
    </p>
   </div>
  </div>
 </body>
</html>
