4299 5782
1815 317 1825 330 ·
3334 295 3494 376 ¹51

521 404 713 515 Pag.
784 398 987 500 258.
1059 393 1445 495 ‘Indicum
1529 393 1827 479 flumen
1927 391 2177 477 Gomtl
2250 392 2378 492 (ι’)
2477 388 2560 473 in
2648 386 2977 475 hortum
3039 394 3508 498 Gerbstmanael

524 524 743 611 facili
812 523 1046 636 plane
1118 524 1458 634 negotio
1522 520 1977 605 convertit.
2035 522 2225 628 Pag.
2286 541 2492 620 257.
2546 518 2906 602 naar-real
2958 516 3350 605 humilem
3413 526 3493 607 δε

525 644 907 737 vadosum
952 648 1240 732 locum»
1282 647 1474 730 olim
1528 645 1629 729 ad
1696 642 1975 728 urbem
2044 644 2312 725 Surate
2375 638 2666 744 ficum,
2719 667 2963 759 quem
3029 671 3242 728 mare
3315 674 3495 731 cor-

527 773 772 874 rosit,
827 799 1188 859 montem
1253 765 1542 854 Thabor
1592 765 1744 853 esse
1814 770 1929 852 ait
1988 825 2014 867 ,
2069 791 2317 880 atque
2374 765 2613 851 valles
2662 796 2831 852 uno
2892 769 3185 855 calami
3247 771 3496 858 <lustu

531 904 615 993 in
656 924 967 985 montes
1001 898 1418 997 celerrime
1472 915 1916 980 commutat
1943 891 2232 981 ..Vide
2271 915 2453 1004 pag.
2480 893 2606 976 cit.
2639 896 3033 987 Miracula
3067 896 3269 983 haec
3302 894 3492 985 sunt

533 1027 772 1113 nostri
837 1027 1253 1124 auctoris·²
1314 1049 1524 1139 quae
1583 1046 1771 1106 ante
1834 1012 2091 1132 ipsum
2154 1045 2305 1102 nec
2367 1019 2546 1104 Indi
2596 1079 2621 1120 ‚
2677 1046 2831 1104 nec
2872 1022 3278 1138 Europaei
3347 1024 3498 1109 h·o-.

531 1154 809 1241 mines.
847 1172 1285 1235 noverant.
1336 1145 1754 1261 Numquid
1803 1141 2005 1229 haec
2069 1169 2235 1229 non
2294 1137 2480 1253 sunt
2540 1147 3060 1233 nostae-narum
3144 1149 3500 1236 tenebra.

527 1279 1193 1364 rum'involucra'i
1251 1273 1334 1359 Si
1390 1274 1633 1359 valles
1666 1273 1781 1364 .in
1841 1295 2163 1354 montes
2212 1326 2239 1366 ,
2309 1269 2547 1354 urbes
2591 1272 2673 1353 in
2727 1272 3022 1384 oppida
3057 1330 3085 1369 ,
3148 1276 3493 1362 Titanes

530 1406 819 1518 genios
875 1406 959 1486 in
1026 1427 1305 1516 reges,
1359 1398 1681 1483 fictitios
1742 1394 2027 1484 heroas
2061 1397 2151 1478 in
2205 1389 2506 1478 sanctos
2545 1456 2572 1490 ,
2623 1399 2702 1478 δε
2736 1422 2969 1479 veros
3006 1401 3220 1483 viros
3263 1459 3287 1499 ,
3349 1429 3500 1486 no·-
3643 1420 3648 1425 “

528 1555 721 1633 men
780 1556 930 1642 pro
1000 1530 1384 1631 nomine,
1435 1521 1746 1611 fabulas
1801 1522 1884 1606 iu
1946 1517 2347 1608 historiam
2412 1544 2897 1611 convertere
2962 1528 3045 1618 ἃς
3109 1524 3492 1613 transfer.

535 1682 623 1740 re
674 1653 1076 1749 licet5‘ex
1122 1650 1410 1736 fabulis
1477 1645 1777 1733 Indicis
1841 1647 1973 1731 dei
2006 1645 2302 1728 Krshna
2359 1642 2538 1728 non
2589 1643 2843 1731 solum
2892 1674 3496 1770 quamcumque

528 1781 983 1891 Europeam
1045 1776 1440 1861 historiam
1503 1833 1531 1872 ,
1614 1768 1749 1857 sed
1815 1776 2055 1857 etiam
2124 1771 2457 1854 Turcici
2525 1772 2842 1891 imperii
2912 1775 3235 1859 annales
3293 1835 3320 1875 ‚
3383 1778 3500 1862 to·

533 1928 700 1991 tam
728 1903 1317 1991 Muhammedis
1348 1900 1820 2000 doo‘trinam,
1861 1890 2230 2009 &ipsum
2264 1896 2536 1981 corani
2565 1894 3044 2010 figmentum
3083 1905 3499 2015 integrum

533 2030 825 2115 elicere
883 2028 1097 2115 haud
1162 2029 1315 2111 erit
1374 2018 1741 2107 difficile.
1808 2018 1966 2107 Sed
2030 2021 2220 2106 velo
2287 2022 2583 2105 iniecto
2655 2017 3074 2109 censorem
3143 2026 3500 2131 nostrum-

534 2155 751 2239 inter
798 2146 1390 2253 Manichaeicas
1440 2145 1817 2233 tenebras
1844 2148 2365 2231 oberrantem
2409 2146 2965 2268 relinquamus
3001 2209 3025 2234 .
3089 2154 3353 2238 Huius
3389 2157 3499 2238 vi·

533 2284 601 2363 ri
663 2304 1122 2363 commenta
1175 2273 1515 2360 secutus.
1553 2270 1661 2357 est
1737 2278 2013 2358 auctor
2074 2266 2730 2356 observationum
2812 2275 3496 2385 praeliminarium

538 2406 622 2487 in
661 2400 1015 2517 spurium
1070 2404 1364 2488 librum
1416 2396 1969 2483 Ezourvedam
2017 2419 2192 2483 tom.
2241 2425 2313 2482 ι.
2337 2423 2520 2510 pag.
2558 2429 2706 2509 94.
2736 2400 2981 2513 etseq.
3024 2399 3267 2512 Angli
3303 2405 3500 2488 Cal·

533 2526 943 2615 curtenses
979 2531 1055 2612 in
1093 2526 1634 2635 libroffiatick
1665 2523 2059 2631 rell-arches
2095 2550 2583 2637 tom.1.p.27
2599 2553 2679 2631 3.
2724 2526 2859 2608 ubi
2903 2550 3168 2610 tamen
3207 2532 3500 2614 Krshna

529 2655 772 2739 deum
832 2654 1287 2766 Apollinem
1351 2647 1501 2734 effe
1560 2649 1910 2737 docent.
1971 2655 2054 2732 Ρ.
2082 2650 2403 2738 Marcus
2470 2674 2516 2731 a
2571 2650 2894 2732 Tumba
2956 2652 3035 2733 in
3097 2652 3250 2733 cod.
3315 2686 3488 2737 mss.

526 2778 608 2862 {n
640 2780 785 2891 fi'l·
830 2803 1004 2898 pag.
1047 2785 1244 2863 181.
1301 2774 1440 2857 ubi
1495 2772 1806 2861 Krshna
1869 2773 2240 2856 Indicum
2316 2772 2560 2854 deum
2607 2782 2871 2890 Cyrum
2915 2769 3092 2856 ‘else
3151 2802 3499 2887 contenf

529 2902 656 2986 dit
695 2965 718 2998 ,
786 2907 925 3015 qui
983 2901 1356 3014 Astiagem
1405 2924 1662 3010 regno
1713 2898 2047 3010 privavit
2078 2955 2098 2978 .
2166 2898 2311 2983 His
2364 2923 2565 3011 ergo
2639 2896 3158 3017 scriptoribus
3211 2904 3498 2992 eadem

526 3029 1007 3131 obiicimus,
1072 3052 1283 3147 quae
1351 3023 1783 3140 Alpbabeti
1836 3022 2230 3109 Tibetani
2272 3025 2636 3110 audiori.
3197 3035 3201 3039 *
3491 3037 3500 3044 ’

1492 3281 1570 3362 N
1634 3279 1721 3366 U
1784 3278 1876 3362 M
1936 3272 2005 3359 E
2066 3277 2134 3362 R
2191 3279 2270 3363 O
2396 3276 2529 3364 11.

816 3480 951 3532 neu
974 3420 1183 3614 Q
1203 3468 1281 3529 ra
1301 3430 1575 3568 6³*spss
1616 3409 2162 3559 Arglunaguita
2196 3503 2222 3544 ‚
2244 3413 2507 3530 codex
2534 3419 3001 3532 chartaceus
3036 3473 3277 3536 manu
3313 3479 3500 3539 exa·

536 3641 755 3704 ratus
780 3678 805 3719 ,
849 3623 926 3700 δε
981 3624 1065 3702 in
1131 3604 1426 3700 idioma
1454 3613 1816 3702 Italicum
1854 3642 1955 3698 ex
1980 3608 2598 3725 Devanagarico
2640 3613 3069 3700 conversus
3102 3646 3148 3716 a
3179 3619 3260 3701 P.
3295 3620 3504 3704 Mar-

537 3768 640 3832 co
686 3770 732 3824 a
787 3743 1114 3825 Tumba
1157 3743 1647 3853 Cappucino
1710 3737 2195 3826 Miffionario
2260 3737 2543 3822 Indico
2574 3794 2600 3821 .
2669 3743 3217 3855 Argiunaguitae
3270 3740 3499 3831 sonat

535 3887 888 3962 cantum,
940 3863 1072 3950 seu
1134 3867 1630 3948 modulamina
1680 3866 2057 3976 Argiunae
2123 3861 2441 3964 heroiS,
2504 3867 2585 3946 δε
2651 3870 3062 3978 praecipui
3126 3872 3207 3952 in
3276 3866 3500 3953 fabu-

537 3987 708 4075 loso
765 3993 1300 4077 Pandavarum
1370 3992 1581 4080 bello
1640 3989 1870 4074 ducis
1905 4054 1926 4079 .
1990 3990 2153 4074 Hic
2198 3988 2310 4073 ob
2367 3987 2769 4076 commiffa
2829 3995 3163 4078 crimina
3212 3999 3496 4108 poeni-

2493 4117 2571 4198 V.
2835 4201 2836 4204 l
3327 4144 3507 4206 ten-

631 4307 734 4392 (ι)
784 4305 1041 4374 Fluvius
1084 4308 1380 4374 Gon-nate·
1407 4310 1506 4377 vel
1557 4306 1769 4396 potins
1815 4305 1943 4375 Ga·
2068 4305 2280 4374 influit
2325 4304 2574 4380 Ganaedr
2618 4352 2643 4386 ,
2697 4306 2810 4392 qui
2856 4306 3070 4373 nostro
3113 4304 3365 4376 censori
3402 4311 3494 4380 est

532 4395 881 4482 nadi,quod
902 4396 1116 4463 nudor
1139 4416 1435 4482 corrupte
1463 4395 1666 4463 scribit
1701 4402 1941 4474 Gauri,
2067 4399 2381 4467 olivetum
2446 4392 2848 4486 Getbsemant'
2894 4443 2912 4462 .
2989 4398 3152 4464 Vide
3197 4421 3499 4488 mappam

525 4489 672 4553 030
698 4488 929 4555 Indicis
964 4489 1155 4552 leucis
1180 4485 1338 4551 infra
1364 4491 1629 4555 Benaeres
1656 4486 1764 4554 seu
1794 4485 1942 4556 Kasi
2068 4493 2143 4552 P.
2170 4486 2580 4554 ‘riefentauer
2610 4531 2633 4564 ,
2661 4490 2849 4556 cour:
2878 4486 2965 4555 du
2998 4490 3211 4575 Gange
3237 4530 3256 4551 .
3298 4493 3510 4576 1784,

532 4578 602 4642 in
647 4581 935 4662 Gangem
971 4578 1249 4645 decurrit
1279 4576 1522 4645 duabus
1552 4579 1747 4643 leucis
1777 4573 1943 4643 infra
2070 4575 2262 4642 Paris.
2289 4571 2608 4644 Goumdr
2634 4621 2659 4655 ,
2708 4581 2929 4644 Gemi
2950 4624 2974 4658 ,
3023 4581 3321 4646 ΰόιιηιαεί
3359 4602 3503 4649 vo-

531 4667 804 4752 Sedpun·
838 4711 853 4731 .
915 4673 1181 4734 Benares
1228 4665 1332 4732 seu
1394 4672 1714 4744 Vanam,
1760 4662 1900 4748 Καί
1923 4711 1947 4742 ,
2068 4664 2293 4731 cabula
2333 4683 2633 4756 corrupta
2672 4668 2819 4735 sunt
2877 4690 2959 4735 ex
2995 4662 3529 4760 Samsr:rdamico''¹

531 4761 790 4838 antiqua
821 4759 1168 4824 Ptolemaei
1210 4754 1469 4836 caeffidr'a
1520 4754 1666 4822 urbs
1721 4756 1828 4823 fita
1861 4755 1949 4822 est
2076 4751 2323 4824 Gdnaedr'
2353 4801 2380 4837 ,
2428 4775 2771 4828 vaccarum
2819 4758 3058 4843 fluvius
3092 4804 3115 4839 ,
3173 4760 3248 4826 ad
3301 4783 3497 4846 quem

529 4844 611 4910 ad
662 4849 952 4929 Gangem
1009 4850 1239 4934 paullo
1281 4847 1463 4935 supra
1512 4847 1782 4934 gradum
1837 4866 1948 4929 25.
2076 4851 2309 4934 Apollo
2355 4848 2615 4920 Indicus
2673 4867 2965 4936 armenta
3016 4849 3251 4942 pavisse
3311 4851 3505 4939 fingi-

530 4933 649 5004 Iaet.
674 4930 910 5002 boreaeh
943 4937 1103 5004 0610
1138 4942 1333 5008 leucis
1358 4937 1524 5038 inira
1553 4941 1626 5008 in
1653 4943 1949 5028 Gangem
2079 4954 2188 5007 tur
2217 4982 2237 5005 .
2303 5007 2310 5012 ,
2345 4975 2352 4980 ·
2551 4999 2557 5005 .
2993 4947 3000 4955 ’
3038 4967 3044 4990 ³
3643 4957 3646 4958 *
