4299 5782
3391 371 3489 436 11

529 458 866 551 ‘Vishnu
899 460 1178 547 mundi
1219 455 1643 561 servatoris
1682 459 2117 579 epitheta,
2180 464 2260 547 δι
2295 459 2531 580 Vydsa
2571 453 2704 545 seu
2752 457 3193 582 Ve'datyistz
3221 378 3561 581 quiden⁹t

552 585 780 674 sonat
811 589 1452 702 legisfiriptorem,
1482 588 1896 701 Bhagavan
1929 614 2203 673 autem
2214 590 2877 699 j²2·lt‘t·e›n,beatum>
2907 591 3285 690 celebrem,
3319 594 3545 708 quod

554 715 1016 828 epitheton,
1061 720 1427 829 quamvis
1483 713 1672 796 alibi
1742 712 1979 828 saepe
2044 715 2203 798 deo
2263 720 2444 799 Iano
2472 740 2559 799 et
2602 717 2979 800 Mercurio
3016 712 3147 801 seu
3184 720 3535 821 Budbae,

558 839 895 955 aliisque
963 841 1164 923 divis
1232 837 1781 941 attribuatur,
1842 842 2027 925 heic
2087 869 2359 926 tamen
2411 839 2551 926 soli
2588 840 2748 925 deo
2778 833 3090 925 Vishnu
3130 846 3211 926 in
3251 847 3546 929 Krsbna

558 961 723 1049 seu
797 966 1254 1078 Apollinem
1354 969 1773 1055 incarnato
1852 963 2329 1051 adscribitur
2386 1014 2414 1044 0
2484 968 2836 1088 Quinto,
2901 964 3102 1051 deus
3164 969 3355 1069 ille,
3392 974 3537 1088 qui

556 1094 814 1175 lunam
884 1093 1318 1193 bicornem,
1383 1089 1466 1175 id
1522 1088 1687 1187 est,
1746 1093 1981 1177 deam
2032 1094 2380 1177 Par-vadi
2418 1088 2730 1205 semper
2782 1096 2864 1178 in
2924 1097 3195 1203 capite
3237 1097 3544 1209 gestat,

462 1240 465 1251 “
540 1201 669 1300 ·'est
727 1217 928 1301 deus
989 1220 1275 1316 Sbiva,
1341 1215 1559 1299 Indis
1623 1218 1983 1302 Bacchus
2046 1215 2313 1303 senior
2373 1281 2397 1316 ‚
2463 1217 2896 1337 Aegyptiis
2961 1220 3260 1327 ostris.
3327 1226 3544 1309 Vide

559 1338 892 1458 systema
953 1344 1570 1426 Brahmanicum
1623 1362 1809 1458 pag·
1854 1351 1999 1426 86.
2060 1344 2575 1429 Plutarchum
2638 1346 2731 1425 de
2794 1345 2975 1451 Ist'de
3041 1402 3068 1443 ,
3168 1372 3254 1431 et
3322 1348 3542 1461 apud

556 1466 671 1550 D.
704 1470 831 1550 De
884 1471 1192 1590 Caylus
1248 1486 1421 1549 tom.
1465 1494 1535 1550 1.
1608 1474 1824 1554 varia
1881 1468 2391 1590 Aegyptiaca
2452 1495 2982 1581 monumenta
3021 1530 3040 1553 .
3109 1474 3267 1557 Hic
3295 1476 3537 1559 Shiva

548 1629 1191 1724 ‘Samscrdamice
1270 1662 1605 1722 vocatur
1664 1662 1783 1721 ...ι
1809 1658 1938 1756 Q
1976 1660 2049 1720 62
2084 1661 2185 1721 ιω
2219 1658 2354 1718 m
2397 1664 2472 1719 m
2510 1643 2552 1716 8
2598 1633 3270 1751 ciandrashe'gbara
3330 1697 3358 1740 ,
3451 1661 3541 1725 et

566 1818 867 1931 θύω
886 1861 1440 1944 offamowssom
1471 1879 1544 1933 m
1570 1858 1610 1930 8
1673 1851 2075 1964 nishdgara
2118 1853 2476 1966 shegbara
2537 1914 2564 1955 ,
2650 1851 2875 1966 quod
2936 1875 3373 1968 utrumque
3449 1852 3537 1938 fi·

565 2059 903 2173 gnificat
963 2064 1181 2147 lunae
1243 2064 1577 2149 baiulum
1611 2125 1633 2148 .
1690 2069 2012 2184 μ’(ᾖὸ
2078 2065 2548 2166 ciandra‚et
2605 2036 3176 2155 &naama
3277 2061 3545 2150 nisha't-

565 2286 756 2386 gara
799 2279 1035 2378 luna,
1092 2289 1591 2367 &stom-nug
1655 2266 2051 2399 sbeghara
2113 2278 2401 2362 baiulus
2451 2339 2477 2379 ‚
2572 2276 2785 2364 unde
2869 2273 3237 2365 exoritur
3295 2281 3546 2368 dictio

544 2443 967 2555 „nishdgara
1028 2446 1432 2560 she'gbara,
1494 2455 1709 2536 lunae
1758 2450 2100 2546 baiulus,
2165 2451 2360 2561 quia
2420 2442 2531 2530 sol
2591 2451 2674 2530 in
2748 2448 3022 2531 lunam
3098 2443 3381 2534 influit
3453 2474 3540 2536 et

564 2595 741 2651 eam
816 2573 1214 2659 illuminat
1265 2635 1289 2659 .
1369 2582 1553 2664 Hoc
1615 2572 2504 2687 ultimum-epithetum
2560 2571 2962 2685 nishcigara
2992 2568 3349 2684 shafghara
3377 2576 3539 2659 deo

548 2694 834 2799 Shivae
898 2701 1366 2785 attribuitur
1423 2707 1506 2785 in
1571 2703 1853 2787 ultima
1908 2728 1954 2788 a
2016 2698 2254 2781 nobis
2307 2697 2548 2783 allata
2610 2695 2919 2809 stropha
2991 2759 3013 2780 .
3088 2701 3334 2783 Artba
3403 2702 3533 2785 nl·-

556 2817 886 2929 ,thagora
936 2824 1323 2936 sbe'garam
1362 2821 1853 2940 sivicn‘duga,
1917 2825 2267 2907 bicornis
2331 2822 2573 2907 lunae
2622 2818 2984 2906 baiulum
3056 2825 3388 2926 deum,
3357 2882 3388 2938 ,³
3439 2824 3539 2938 ›id

563 2941 679 3025 est
745 2948 976 3029 Solem
1037 2948 1311 3034 colat.
1378 2957 1525 3038 His
1575 2959 1726 3044 rite
1786 2946 2002 3062 pens
1979 2970 2251 3049 tatis
2316 2942 2560 3062 ipsam
2638 2949 3030 3061 poematis
3118 2954 3539 3040 materiem

548 3071 861 3183 paucis
918 3076 1514 3187 expendamus·
3503 3147 3512 3156 .

824 3195 1063 3283 Duae
1116 3201 1435 3288 Indicae
1500 3199 1912 3300 familiae,
1979 3226 2319 3317 quarum
2355 3225 2513 3285 una
2567 3206 2990 3301 Kaurava,
3051 3201 3301 3288 altera
3356 3210 3546 3286 Pan·

563 3318 778 3403 duva
834 3322 1188 3426 dicitur,
1252 3333 1331 3414 in
1400 3330 1630 3412 India
1698 3351 2064 3440 tempore
2131 3328 2494 3426 diluvii,
2560 3351 2701 3410 aut
2743 3327 3106 3438 paullo
3157 3328 3327 3441 post
3409 3353 3538 3411 re-

566 3445 829 3557 gnaffe
888 3446 1363 3562 finguntur.
1429 3462 1969 3539 Kauravarum
2015 3459 2048 3557 (
2100 3454 2321 3570 quod
2382 3451 2629 3564 Angli
2688 3457 2992 3534 Kooroos
3061 3458 3140 3537 &
3221 3456 3541 3538 Panioos

566 3568 922 3657 scribunt
986 3582 1017 3677 >
1077 3604 1317 3689 caput
1390 3583 1469 3661 δε
1533 3579 1761 3695 stipes
1821 3604 1992 3664 erat
2054 3574 2583 3676 Tredareda,
2644 3604 2890 3691 quem
2958 3577 3090 3661 alii
3175 3578 3540 3665 Deksha·

571 3695 762 3777 reda
816 3698 945 3782 vel
1003 3701 1637 3805 Tredarashtra,
1666 3707 1822 3790 vel
1890 3706 2134 3788 etiam
2230 3704 2690 3813 corruptius
2790 3699 3338 3787 Dehtrascher
3396 3733 3538 3819 ap-

572 3818 936 3929 pellant.
1002 3828 1543 3915 Pandavarum
1624 3835 2097 3944 progenitor
2178 3828 2338 3914 fuit
2419 3829 2676 3911 Panda
2743 3854 2883 3915 rex
2973 3830 3536 3940 praecedentis

570 3939 878 4045 frater,
943 3956 1081 4093 qui
1139 3981 1464 4039 omnem
1534 3956 1746 4040 illam
1808 3957 2234 4067 regionem
2294 3980 2501 4068 quae
2568 3979 2788 4036 nunc
2852 3951 3035 4035 urbi
3100 3954 3370 4038 Lahur
3408 3955 3536 4038 vel

552 4071 786 4186 Delly
833 4077 1216 4187 antiquae
1254 4107 1348 4164 ac
1421 4079 1683 4165 fluvio
1740 4090 2065 4168 Yamuna
2121 4080 2494 4178 adiacet,
2555 4073 2960 4190 poffcdiffe
2997 4076 3334 4162 fertur.
3403 4077 3536 4163 Ab

544 4191 730 4278 *hoc
794 4221 1023 4308 rege
1047 4203 1313 4285 Pandu
1375 4202 1677 4290 familia
1736 4208 2279 4292 Pandavarum
2331 4229 2625 4287 nomen
2671 4225 2755 4285 et
2796 4201 3197 4312 originem
3229 4206 3522 4291 traxit.

570 4320 1114 4411 Kauravarum
1165 4352 1248 4410 et
1304 4331 1843 4417 Pandavarum
1911 4334 2040 4418 avi
2103 4357 2247 4444 per
2306 4328 2689 4438 stuHuans
2748 4328 3035 4438 lignum
3098 4355 3144 4410 a
3212 4328 3525 4414 diluvio

576 4444 990 4532 universali
1060 4446 1338 4536 servati
1400 4453 1628 4540 fuifl'e
1679 4443 2270 4571 perhibentur,
2333 4478 2583 4568 atque
2616 4456 2719 4537 e'x
2755 4451 2908 4533 illis
2952 4450 3264 4536 vishnu
3324 4455 3528 4540 deus

578 4572 658 4652 in
691 4575 994 4658 Krshna
1022 4573 1879 4693 IndicumApollrnem
1913 4602 2434 4678 incarnatus
2493 4579 2577 4660 in
2661 4574 2823 4660 hoc
2903 4578 3209 4661 mundo
3293 4607 3535 4693 appa·

558 4696 808 4781 ruisse
872 4697 1263 4813 fingitur.
1327 4707 1536 4790 Vide
1595 4703 1919 4824 systema
1976 4636 2592 4803 Brahmani'cum
2658 4728 2835 4815 pag.
2896 4707 3097 4787 281.
3159 4708 3361 4788 282.
3448 4729 3537 4790 et

576 4820 758 4907 libri
826 4828 1080 4913 Indici
1131 4830 1604 4949 Rhagavada
1655 4831 1848 4918 dieti
1910 4827 2305 4947 stropham
2382 4857 2459 4932 ς.
2503 4853 2688 4943 pag.
2752 4852 2956 4936 ¹72·
3046 4824 3145 4913 (θ’
3178 4828 3346 4940 stq.
3454 4832 3539 4914 in

2334 4956 2416 5076 Q
3065 4973 3074 4982 ·
3228 4949 3542 5114 Grain·
