4299 5782
552 403 683 527 ff
745 418 1014 526 Magos
1061 411 1477 522 Aristoteles
1522 417 1778 504 auflor
1836 313 1989 525 ιβ,
2047 410 2129 498 in
2174 412 2415 525 primo
2453 413 2546 498 de
2567 405 2999 522 ρῇἰίρίόρῇἰα
3029 410 3264 494 ltbro:
3319 313 3497 496 erigo5

553 567 697 650 que
751 568 850 624 ex
906 541 1201 626 illorum
1235 543 1612 649 sententia
1671 540 1801 659 ff
1847 543 2224 654 prinpria
2291 548 2452 643 (N.
2506 547 2591 625 Β.
2650 566 2813 620 non
2870 534 3302 649 suprema,
3367 535 3501 623 sed

556 670 1107 774 generationis
1173 673 1562 784 principia
1605 678 1635 773 )
1681 672 2406 775 bonumdaemonem
2457 662 2555 750 ὁ·
2600 666 2881 748 malum
2920 722 2946 747 .
3001 668 3342 748 Alterum
3404 689 3511 748 ex.

555 786 670 871 bis
724 795 981 874 Iovem
1035 797 1072 896 (
1120 795 1443 895 lucem,
1495 796 1912 883 aetherem
1983 799 2312 907 igneum
2353 854 2380 894 ,
2435 795 2974 888 candentem,
3029 792 3211 874 vide
3271 792 3509 874 Cice·

557 913 840 999 ronein
895 919 1033 1004 lib.
1076 947 1148 1002 2.
1187 924 1279 1005 de
1311 942 1472 1003 nat·
1509 926 1706 1007 deor.
1745 950 1924 1036 pag.
1964 950 2004 1002 2
2030 949 2065 1014 ‚2
2087 926 2278 1025 3..&
2315 917 2541 1031 supra
2595 945 2776 1030 pag.
2807 945 2947 1023 93.
2976 912 3131 1013 )&
3176 915 3511 1022 Oromaf-

553 1041 766 1145 den(
814 1043 1239 1130 Plutarcho
1290 1052 1741 1133 Oromazan
1789 1060 1867 1150 ),
1925 1048 2248 1150 alterutri
2280 1049 2649 1130 Plutonem
2680 1039 3109 1144 (tenebras
3140 1051 3171 1142 )
3201 1049 3298 1126 θ’
3333 1049 3511 1128 Ari-

557 1168 892 1249 manium
940 1170 1131 1253 dici.
1196 1170 1444 1282 Diog.
1498 1176 1762 1262 Laert.
1821 1176 1898 1255 in
1941 1174 2312 1259 Prooemio
2347 1195 2561 1257 nunu
2588 1173 2724 1253 VI.
2763 1197 2941 1281 pag.
2975 1198 3053 1286 7.
3078 1171 3272 1252 edit.
3305 1161 3513 1278 Lipst

556 1291 1036 1396 Existimant,
1070 1297 1214 1379 alii
1258 1298 1434 1379 duos
1496 1295 1624 1411 effe
1670 1304 1837 1383 deos
1897 1306 1929 1404 (
1980 1304 2308 1410 genioS,
2363 1325 2542 1380 .non
2614 1291 3078 1407 supremos,
3130 1290 3309 1379 nam
3381 1298 3515 1377 In·

561 1414 684 1499 dis
755 1444 963 1501 unus
1017 1415 1224 1504 solus
1287 1422 1521 1505 Deus
1572 1423 1681 1507 est
1747 1423 2160 1537 supremus
2208 1420 2730 1507 Parabrahma
2783 1430 2813 1521 )
2863 1424 3082 1532 quast
3123 1420 3517 1504 contrariis

556 1541 840 1624 deditos
889 1547 1175 1636 artibus
1199 1605 1225 1645 ‚
1285 1570 1370 1630 ut
1423 1547 1611 1632 bona
1673 1555 1871 1636 alter
1901 1612 1928 1648 ,
1977 1552 2174 1632 alter
2234 1553 2436 1633 mala
2490 1576 2706 1656 opera
2743 1548 3139 1661 confidat(
3178 1571 3268 1636 ut
3306 1560 3513 1628 un'us

555 1664 870 1770 lucem,
929 1668 1136 1755 alter
1198 1677 1696 1779 tenebras).
1784 1679 1950 1761 Alii·
1981 1704 2205 1773 eum,
2258 1678 2397 1790 qui
2445 1674 2545 1778 ςβ
2603 1676 2857 1758 melior
2917 1676 3134 1756 deum
3185 1678 3218 1773 (
3281 1665 3536 1755 De‘va'

559 1791 765 1876 deus
800 1854 825 1892 ,
883 1794 1504 1883 Samscrdamice
1547 1806 1842 1913 genius
1879 1803 2168 1884 -bonus‘
2223 1860 2250 1899 ,
2337 1795 2689 1885 De‘vada⁴
2759 1801 3045 1910 genius
3095 1795 3344 1879 malus
3406 1805 3436 1895 )
3490 1854 3521 1897 ‚
3630 1804 3635 1810 ⁴

559 1919 699 2030 qui
745 1921 1064 2003 deterior
1133 1922 1231 2028 est
1292 1926 1720 2008 daemonem
1782 1930 2040 2010 dicunt
2075 1990 2099 2012 .
2165 1931 2251 2007 In
2308 1955 2463 2037 qua
2492 1925 2872 2032 sententia
2906 1926 3076 2035 ῥὰ
3141 1920 3526 2027 zoroaster

554 2049 888 2155 Magus,
938 2076 1157 2156 quem
1214 2073 1531 2134 narrant
1584 2066 1757 2141 IDD-
1816 2054 2037 2134 annis
2090 2051 2586 2164 antiquiorem
2623 2051 2804 2134 bello
2839 2044 3155 2132 Troiano
3210 2046 3523 2152 exstitisss
3640 2141 3645 2148 ‚

531 2169 681 2272 se.
749 2174 824 2249 Is
883 2200 1054 2283 ergo
1086 2175 1506 2278 Zoroastres
1538 2178 1855 2260 melioris
1897 2204 2154 2259 nomen
2196 2185 2688 2272 Oromazan,
2748 2175 3022 2284 pet’ort's
3043 2174 3526 2257 Aremnium

541 2293 964 2402 perhibuit.
1024 2299 1484 2413 Addiditque
1528 2303 1657 2385 hoc
1721 2308 2192 2386 enunciatum
2278 2308 2370 2385 de
2416 2303 2629 2385 rebus
2674 2302 2811 2403 sub
2841 2299 3132 2406 serfism
3188 2299 3521 2382 cadenti-

556 2417 761 2522 bus(
820 2450 980 2516 non
1007 2424 1155 2506 de
1202 2427 1521 2509 duobus
1580 2417 1912 2510 summis
1957 2431 2502 2541 principiis),
2540 2430 2772 2510 illurn
2836 2427 3167 2507 maxime
3194 2427 3525 2534 stmilem

555 2539 687 2659 eſje
735 2548 939 2647 luci,
996 2547 1183 2633 hunc
1233 2553 1556 2635 tenebris
1608 2551 1705 2637 (θ’
1763 2557 2262 2666 ignorationi.
2332 2556 2672 2636 Medium
2730 2553 2984 2633 borum
3016 2548 3146 2664 effe
3192 2552 3525 2632 Mitt-am

485 2780 494 2788 ‚
554 2668 1140 2774 (Solem)&c.
1192 2680 1401 2761 Heic
1451 2674 1734 2761 saltem
1783 2683 2028 2763 vidas
2088 2680 2226 2763 det
2287 2706 2569 2772 manus
2628 2676 2887 2760 noster
2945 2671 3269 2759 censor.
3332 2681 3527 2776 Ma·

552 2824 681 2879 nes
729 2797 1151 2910 immpostot·
1208 2802 1349 2883 cui
1400 2799 1684 2886 censor
1740 2827 1996 2919 totam
2065 2802 2426 2941 Indicam
2524 2803 3002 2913 religionem
3087 2795 3525 2906 adscribit,

553 2918 1258 3008 Samscrdamicae
1309 2928 1638 3039 linguae
1706 2928 2188 3041 ἰτηρετίως,
2232 2922 2847 3039 philosophiam
2912 2914 3518 3009 Brahmanicain

555 3049 723 3133 non
786 3046 1244 3149 intellexit,
1309 3079 1567 3165 eaque
1623 3051 1944 3165 prorsus
1996 3050 2301 3139 diversa
2369 3051 2476 3138 est
2539 3054 2642 3135 ab
2700 3080 2866 3151 ea,
2928 3077 3167 3166 quam
3231 3046 3521 3133 censor

554 3173 776 3259 Indis
811 3168 1172 3288 affingit.
1235 3179 1599 3262 Ubinam
1646 3178 1777 3262 hic
1825 3177 1990 3262 duo
2027 3176 2328 3262 summa
2397 3178 2781 3291 principia
2817 3186 2853 3260 2
2918 3177 3359 3289 Quomodo
3420 3188 3522 3260 ea'

556 3298 642 3382 in
702 3301 1009 3382 Indiam
1059 3300 1338 3385 intulit
1400 3311 1671 3386 Manes
1709 3358 1737 3402 ,
1797 3288 2125 3416 quando
2181 3330 2341 3386 tam
2388 3302 2708 3417 planum
2748 3309 2827 3385 &
2863 3298 3366 3413 perlpicu'um
3408 3297 3518 3385 est

555 3423 723 3507 duo
785 3425 982 3507 haec
1047 3429 1489 3539 principia,
1550 3432 2003 3515 concordiam
2065 3435 2139 3512 δι
2205 3428 2634 3538 dispartitum
2696 3431 2773 3509 in
2847 3424 3088 3508 rebus
3139 3423 3520 3519 naturali-

560 3543 715 3633 bus
783 3554 862 3632 &
920 3548 1378 3635 moralibus
1417 3553 1666 3665 longe
1745 3581 1935 3640 ante
1992 3562 2381 3641 Manetem
2454 3556 2661 3638 inter
2722 3552 3308 3637 Brahmanicae
3374 3551 3526 3632 do·

561 3677 861 3757 &rinae
939 3674 1225 3784 placita
1284 3677 1709 3764 obtinuisse
1744 3691 1784 3764 ’ἑ
1850 3682 2100 3765 Cicero
2129 3738 2158 3777 ‚
2224 3682 2546 3764 Ovidius
2599 3742 2623 3780 ‚
2689 3681 3014 3762 Clemens
3062 3680 3282 3761 Alex.
3337 3678 3525 3761 Dios

547 3826 773 3906 genes
830 3805 1165 3883 Laertius
1200 3864 1220 3893 ,
1291 3805 1710 3887 Plutarchus
1746 3868 1772 3906 ,
1842 3812 1979 3921 qui
2040 3807 2240 3892 haec
2309 3810 2410 3890 de
2432 3804 2680 3889 -Perlis
2736 3811 2813 3888 δι
2883 3805 3098 3887 Indis
3129 3801 3532 3901 referunt,

461 3990 472 3997 .
557 3923 806 4035 longe
866 3953 1053 4009 ante
1113 3934 1454 4014 Manetis
1505 3927 2183 4041 praedicationem
2244 3927 2725 4042 scripserunt
2762 3992 2785 4030 ,
2856 3957 3037 4011 nam
3100 3935 3375 4010 Manes
3421 3954 3526 4010 ex

555 4050 980 4132 meliorum
1049 4057 1510 4138 criticorum
1582 4060 1971 4166 opinione
2029 4059 2244 4139 circa
2307 4082 2583 4137 annum
2631 4061 2833 4138 280.
2902 4080 3133 4138 aerae
3170 4050 3523 4160 vulgaris

557 4170 707 4259 sub
759 4179 978 4259 Probo
1036 4181 1524 4290 Imperatore
1589 4178 1802 4263 suam
1858 4182 2299 4266 dodirinam
2339 4195 2438 4265 e'x
2491 4185 2885 4287 corruptis
2938 4176 3257 4260 Perficis
3293 4176 3524 4257 libris

559 4298 913 4385 haustam
976 4308 1432 4412 praedicare
1501 4311 1865 4417 incepit,
1930 4334 2269 4418 eamque
2338 4334 2386 4388 a
2454 4303 2941 4412 pbilosophis
2995 4304 3196 4384 male
3283 4299 3525 4382 intel-

559 4427 842 4511 letstam
908 4433 1270 4538 accepiti
1349 4441 1529 4514 non'
1562 4434 1832 4516 autem
1904 4437 2020 4515 eis
2080 4434 2363 4514 dedit.
2433 4431 2907 4543 Scythianus,
2963 4454 3205 4542 quem
3244 4432 3522 4510 aucior

561 4554 908 4664 Alphab.
939 4557 1212 4639 Tibet.
1240 4584 1413 4668 pag.
1454 4570 1660 4665 364.
1683 4563 1909 4665 289.
1977 4554 2339 4668 ‘alibique
2406 4554 2715 4667 pallini
2734 4554 3082 4636 Buddam
3124 4557 3201 4635 δε
3240 4556 3527 4633 Mane.

565 4701 729 4769 tem
781 4676 931 4786 effe
992 4684 1322 4778 docuit,
1389 4703 1748 4765 mercator
1804 4708 1976 4765 erat
2043 4682 2381 4773 Arabs,
2422 4686 2599 4793 qui
2656 4707 2811 4760 non
2888 4678 3348 4762 concordiam
3398 4675 3526 4758 di-

536 4802 932 4914 frondem,
997 4803 1134 4894 sed
1184 4812 1579 4927 quaedam
1635 4837 1735 4897 ex
1794 4811 1954 4926 lege
2006 4836 2095 4895 ac
2138 4806 2505 4921 prophetis
2535 4863 2562 4909 ‚
2617 4805 3013 4921 Evangelz
2986 4805 3179 4919 sque
3209 4801 3530 5036 ὡὲρισ

3399 4962 3436 5011 o
3463 4958 3532 5011 ts
