4299 5782
814 330 990 405 170

814 428 1014 512 dicis
1074 419 1650 509 rebustestem
1715 424 2157 515 idoneum,
2231 450 2518 542 utpote
2575 423 3115 516 cuius-fidem
3206 428 3286 512 δε
3362 426 3792 544 integrita⁴

826 575 992 637 tem
1063 554 1312 635 etiam
1371 556 1941 639 commendant
2030 557 2272 667 Angli
2374 552 2938 640 Calcuttenses
3023 558 3103 636 in
3192 553 3402 638 libro
3473 557 3799 667 Astatick

819 678 1286 787 reseas-cheu
1356 705 1556 763 tom.
1598 706 1667 761 ι.
1736 709 1813 792 p.
1863 707 2065 784 271.
2116 685 2345 762 Vitio
2405 707 2674 764 tamen
2732 682 3056 765 candori
3132 676 3393 762 nostro
3428 710 3586 764 non
3627 705 3796 763 ver·

822 828 947 889 tet
1010 800 1171 915 ipse
1238 809 1322 887 P.
1356 806 1739 903 Marcus,
1777 803 1829 887 si
1889 808 1969 887 in
2005 803 2138 887 his
2204 805 2683 917 ingentibus
2739 805 3059 888 suorum
3119 799 3593 916 scriptoru't‘n
3651 828 3832 886 vos

821 930 1263 1014 inminibus
1319 956 1509 1012 eum
1573 924 1803 1041 saepe
1860 933 2358 1014 alucinatum
2427 928 2651 1014 fuisse
2706 934 3107 1015 diximus.
3181 932 3541 1043 Exempli
3613 954 3795 1043 gra-

830 1059 1000 1147 tia:
1072 1059 1152 1138 P.
1193 1059 1517 1140 Marcus
1575 1055 1882 1170 ubique
1945 1060 2024 1138 in
2097 1053 2253 1139 suis
2292 1051 2604 1168 scriptis
2644 1058 3117 1167 religionem
3168 1055 3794 1140 Brahmanicam

826 1190 932 1265 ex
976 1179 1289 1265 perfide
1340 1175 1836 1264 descendere
1899 1180 2209 1278 docet,
2278 1183 2497 1265 nulla
2559 1208 2825 1265 tamen
2905 1206 3384 1291 argumenta
3452 1208 3598 1291 pro
3657 1174 3796 1264 sua
3947 1206 3956 1215 ·

740 1343 751 1354 κ
831 1309 1218 1419 opinione
1281 1302 1610 1388 adducit
1647 1352 1672 1378 ·
1742 1307 1963 1420 Quid
2033 1300 2556 1417 responderet
2611 1309 2842 1388 nobis
2892 1304 2981 1385 R.
3022 1309 3101 1385 P.
3142 1311 3504 1403 Marcus,
3575 1302 3624 1387 si
3662 1303 3794 1389 ad-

828 1428 1105 1519 versus
1171 1458 1383 1514 eumx
1419 1430 1601 1512 heic
1668 1454 1985 1542 tempus
2043 1434 2116 1512 &
2174 1427 2484 1512 occasio
2550 1431 2876 1514 daretur
2931 1426 3580 1513 demonstrandi:
3654 1448 3798 1513 νεέ-

831 1577 1051 1643 teres
1086 1554 1468 1645 ,Pet-ficos
1565 1555 1810 1639 libros
1916 1582 2120 1670 quos
2190 1556 2498 1637 Thomas
2557 1556 2767 1669 Hyde
2842 1558 2919 1635 δε
2994 1557 3347 1663 Anquetil
3429 1557 3527 1634 du
3617 1559 3793 1637 Per-

826 1711 959 1775 ron
996 1742 1021 1779 ,
1086 1682 1387 1795 aliique
1438 1686 1899 1764 veteres&
1957 1680 2459 1781 recentiores
2516 1676 2937 1789 scriptores
3005 1678 3415 1760 zoroastro
3451 1738 3474 1774 ,
3536 1705 3629 1760 ac
3666 1705 3798 1762 ve-

829 1806 1142 1900 teribus
1191 1798 1435 1889 12}er
1491 1801 1953 1889 adscribunt
2021 1867 2047 1905 ‚
2137 1807 2417 1915 lingua
2481 1803 3055 1908 Samscrdamica
3119 1804 3385 1886 Indica
3456 1797 3797 1914 scriptos

830 1927 1032 2028 esse,
1099 1957 1191 2014 ac
1257 1931 1618 2042 linguam
1686 1930 2193 2015 Pelblavlcam
2263 1954 2623 2014 veterem
2712 1922 3089 2012 Persicam
3167 1928 3798 2031 Samscrdamicaee

831 2055 1269 2141 dialectum
1317 2049 1556 2139 esse?
1621 2054 2018 2140 Persicum
2092 2055 2387 2139 lemma
2450 2057 2633 2139 libri
2706 2054 3097 2137 Vendidad
3121 2052 3370 2150 dee,
3431 2078 3535 2137 ex
3586 2053 3797 2136 Indi-

824 2182 949 2265 cis
1006 2178 1423 2266 vocabulis
1473 2177 1923 2264 conflatum
1971 2179 2137 2280 est,
2202 2180 2605 2293 scribique
2664 2179 2969 2278 debet:
3031 2173 3734 2283 Ve'ddndd-Shastra
3767 2236 3796 2278 ,

826 2305 917 2401 id
981 2303 1087 2390 est
1143 2303 1329 2415 legis
1364 2302 1686 2406 stientla
1749 2299 1884 2387 seu
1948 2305 2157 2416 legis
2224 2305 2660 2416 explicatio
2715 2361 2739 2386 .
2830 2304 3183 2389 Vedanda
3220 2361 3247 2399 ,
3303 2308 3416 2385 ait
3492 2306 3591 2386 Ι).
3667 2306 3795 2385 Pi-

827 2427 1232 2515 mentelus
1271 2430 1350 2509 in
1384 2419 1526 2511 suo
1560 2430 2038 2513 dictionario
2073 2489 2101 2530 ‚
2136 2429 2461 2535 stlencia
2493 2432 2591 2512 da
2621 2432 2774 2546 ley,
2834 2431 3304 2526 documento,
3336 2432 3798 2542 explicafao,

831 2552 1181 2659 shdstra,
1206 2553 1584 2661 silentia,
1641 2553 1835 2637 liber
1873 2612 1893 2635 .
1960 2553 2320 2639 Alterius
2388 2553 2669 2637 Persici
2707 2554 2887 2637 libri
2950 2555 3244 2637 lemma
3298 2551 3406 2636 est
3443 2588 3466 2635 ε
3545 2553 3801 2661 Virafi·

804 2678 1162 2777 namuh,
1228 2677 1452 2792 quod
1512 2690 1983 2788 corruptum
2041 2677 2152 2764 est
2200 2706 2302 2762 ex
2337 2681 2624 2762 Indico
2657 2677 3065 2761 Vitandma
3101 2736 3127 2776 ‚
3184 2675 3399 2762 forte
3433 2737 3458 2773 ‚
3519 2673 3802 2763 efficax

831 2830 1129 2887 nomen
1168 2861 1192 2886 .
1258 2801 1659 2887 Persicum
1721 2807 2065 2889 Ormuzd
2091 2865 2116 2907 ‚
2179 2802 2289 2888 est
2324 2803 2692 2888 Indicum
2732 2803 3015 2889 Orumd
3052 2802 3489 2886 concordia
3522 2862 3548 2900 ,
3609 2805 3802 2886 ami·

835 2933 1029 3013 ciria
1084 2989 1111 3028 ‚
1176 2928 1567 3013 Persicum
1630 2929 1994 3014 Ahar-lma
2087 2930 2196 3015 est
2260 2931 2631 3015 Indicum
2698 2932 2959 3015 Arima
3016 2926 3373 3011 dissensio
3412 2986 3439 3025 ‚
3499 2926 3801 3013 discor-

825 3055 961 3138 dia
1001 3112 1026 3151 ,
1090 3051 1487 3135 Perficum
1555 3059 1766 3136 Deus
1792 3054 1831 3154 ζ
1895 3054 2005 3139 est
2070 3055 2444 3140 Indicu‘m
2513 3053 2906 3152 De‘vada,
2970 3052 3096 3136 vel
3134 3051 3366 3137 De‘va
3392 3052 3801 3166 malusge·

820 3182 1017 3282 ‚nius
1054 3236 1078 3261 .
1144 3174 1541 3262 Persicum
1602 3179 2180 3290 Vadjerguerd
2227 3181 2336 3265 est
2385 3181 2757 3265 Indicum
2809 3183 3085 3285 Yadjur
3127 3209 3323 3290 gur-u
3383 3175 3588 3288 legis
3648 3182 3795 3262 do-

825 3309 1006 3388 ἀοι·
1043 3362 1068 3402 ,
1129 3301 1526 3385 Persicum
1595 3306 1981 3389 Giavidan
2037 3301 2259 3396 khird
2305 3303 2413 3390 est
2456 3307 2828 3391 Indicum
2866 3303 3153 3388 Givsda
3197 3307 3494 3386 kirtana
3532 3362 3558 3399 ,
3621 3312 3800 3389 Per-

824 3426 1071 3532 ficum
1116 3429 1391 3509 namuh
1435 3434 1514 3511 δε
1571 3426 1793 3511 name‘
1842 3430 1951 3513 est
2023 3433 2394 3521 Indicum
2461 3430 2690 3513 namo?
2787 3430 3148 3521 adoratio
3213 3424 3580 3522 &fimfma
3648 3457 3798 3513 no-

828 3579 1015 3637 men
1047 3609 1067 3632 .
1138 3553 1261 3633 Ita
1311 3550 1627 3666 reliqua
1681 3555 2071 3638 vocabula
2121 3556 2396 3637 Indica
2439 3561 2716 3640 omnia
2748 3557 2828 3637 in
2863 3552 3169 3639 Perside
3214 3579 3589 3663 corrupta
3613 3553 3799 3639 fue·

820 3703 1017 3766 runt
1053 3742 1095 3768 ..
1142 3678 1433 3760 Videat
1484 3704 1696 3763 nunc
1749 3684 1830 3762 P.
1856 3683 2180 3764 Marcus
2213 3740 2236 3773 ,
2303 3683 2520 3762 Zend
2570 3678 2904 3785 frenesta,
2972 3704 3332 3791 ouvrage
3367 3679 3464 3760 de
3514 3681 3803 3765 Zeroa-

652 3907 659 3912 Ι
831 3800 983 3886 stre
1046 3827 1240 3885 tom.
1285 3831 1357 3885 1.
1423 3828 1626 3913 part.
1672 3835 1745 3886 2.
1794 3834 1976 3916 pag.
2026 3834 2119 3906 χ.
2175 3833 2245 3889 2.
2291 3831 2368 3909 3.
2412 3834 2494 3909 7.
2538 3841 2617 3912 9.
2686 3835 2827 3914 39.
2880 3809 3021 3892 81.
3097 3803 3499 3886 Thomam
3557 3806 3800 3924 Hyde

832 3953 991 4042 cap.
1040 3957 1179 4031 55.
1223 3954 1409 4037 pag.
1442 3956 1548 4034 43
1572 3956 1644 4043 7.
1702 3934 1781 4012 &
1833 3930 2071 4013 alibi.
2141 3927 2707 4032 D’Herbelot‚
2752 3930 2926 4015 bibl.
2977 3957 3064 4042 p.
3100 3960 3132 4017 1
3163 3960 3301 4040 ¹4·
3343 3942 3550 4019 206.
3582 3932 3797 4041 4⁶⁶·

818 4056 909 4138 Bc
964 4051 1174 4141 infra
1220 4052 1483 4142 nostra
1527 4057 1986 4164 ConseHaria
2033 4084 2133 4143 ex
2192 4056 2400 4144 libris
2443 4059 2715 4145 Indici}
2746 4115 2770 4142 .
