4299 5782
3342 290 3457 367 16
3469 306 3524 381 9

525 416 607 502 &
649 410 918 500 lucida
961 403 1423 495 narratione
1480 404 1724 494 tradit
1757 465 1780 491 .
1839 405 2217 503 Secunde,
2252 422 2440 517 pag.
2478 394 2737 522 732&
2795 394 2962 521 seq.
3025 398 3339 520 profert
3372 408 3508 494 de·

526 538 1048 654 scriptionem
1113 534 1735 649 geographicam
1798 532 2073 616 Indiae
2134 532 2481 616 borealis
2541 591 2579 633 ‚1
2649 532 2983 618 brevem
3039 529 3328 619 seriem
3388 559 3509 618 re·

527 669 986 751 centiorum
1045 661 1631 776 Mogolenfium
1685 661 2336 770 Imperatorum,
2398 660 2478 739 δι
2559 659 3057 773 locupletem
3116 662 3496 744 notitiam

530 788 636 875 de
678 816 932 904 regno
977 790 1234 900 Nepai
1296 793 1373 870 δε
1427 788 1736 871 Tibet.
1791 779 2092 887 Τενιίρ,
2141 810 2322 898 pag.
2365 810 2571 867 tto.
2606 788 2686 867 δι
2739 782 2906 903 seq.
2971 780 3358 872 describit
3416 791 3504 871 δε

534 912 903 1002 recenset
966 919 1216 1002 varias
1280 937 1599 1013 veteres
1656 910 2085 1026 opiniones
2151 904 2790 1022 philosophicas,
2829 936 3062 1027 quas
3127 908 3506 996 Indi'ho.

534 1038 862 1127 dicdum
914 1042 1284 1125 nutriunt
1346 1044 1425 1123 δι
1478 1034 1950 1123 conservant
2006 1033 2377 1120 de'Ente
2435 1029 2855 1150 supremo,
2917 1039 3022 1121 dc
3081 1041 3507 1126 creatione

388 1188 393 1193 ·
533 1169 816 1251 mundi
882 1192 983 1251 ert
1029 1190 1240 1283 aqua
1291 1171 1371 1249 dt
1413 1170 1603 1278 igne
1636 1220 1664 1263 ‚
1719 1163 1823 1248 dc
1874 1157 2287 1275 paradiso,
2340 1159 2446 1245 de
2497 1167 2797 1274 poenis
2845 1164 3142 1278 quibus
3192 1166 3247 1246 ii
3301 1159 3500 1249 sub..

533 1290 896 1376 iciu¹ntur
954 1351 980 1391 ‚
1035 1294 1175 1405 qui
1237 1295 1585 1375 animam
1634 1284 1850 1373 suam
1905 1284 2442 1392 labefactant.
2513 1295 3270 1411 Quarto‚pag.134.
3310 1312 3519 1397 135.

537 1420 620 1500 δε
675 1415 837 1531 seq.
900 1438 1320 1500 enumerat
1380 1417 1593 1502 varia
1663 1409 2075 1531 systemata
2134 1408 2483 1525 religiosi
2563 1413 2830 1497 cultus
2919 1419 2998 1496 δι
3070 1418 3511 1528 opiniones

542 1541 648 1624 de
684 1547 1098 1626 creatione
1133 1543 1468 1636 mundi,
1512 1541 1615 1624 dc
1642 1539 1825 1636 diis,
1858 1538 1961 1622 de
2002 1535 2232 1619 stellis
2258 1590 2287 1626 ‚
2320 1536 2423 1620 de
2459 1535 3012 1624 ablutionibus
3043 1596 3066 1639 ,
3089 1542 3191 1624 de
3231 1539 3517 1627 mundi

506 1663 849 1750 fabrica
913 1694 1015 1751 ex
1100 1664 1395 1750 fabulis
1441 1664 1980 1748 Brahmanum
2026 1663 2488 1747 academiae
2543 1664 2952 1767 Benaret,
3017 1691 3111 1752 ac
3164 1668 3513 1753 aliorum

542 1793 917 1902 gentium
970 1794 1182 1875 intra
1237 1798 1316 1874 δι
1372 1796 1485 1873 cis
1537 1792 1915 1898 Gangem
1981 1787 2525 1872 habitantium
2585 1848 2607 1871 .
2677 1782 2861 1900 Pag.
2929 1806 3127 1876 ιω.
3196 1796 3276 1874 δι
3341 1786 3512 1908 seq.
3611 1794 3618 1799 ’

539 1919 707 2027 agit
761 1917 863 1998 de
923 1915 1208 1999 decem
1273 1914 1971 2000 incarnationibus
2026 1911 2165 1996 seu
2215 1914 2858 2023 apparitionibus
2919 1914 3053 2000 dei
3121 1914 3503 2001 Vishnu.

541 2040 740 2151 Pag.
788 2043 986 2141 185.
1031 2046 1107 2121 ἀ
1170 2035 1332 2154 seq.
1391 2036 1728 2125 exhibet
1778 2037 2369 2123 traaarumde
2426 2043 2694 2124 anima
2761 2066 2863 2124 ex
2913 2044 3309 2156 opinione
3378 2044 3537 2127 In·.

540 2162 830 2249 dorum
865 2221 892 2263 ‚
946 2190 1187 2278 quem
1236 2170 1541 2277 excipit
1581 2162 1941 2248 recensio
1990 2158 2353 2247 tribuum
2419 2167 2500 2246 δε
2562 2160 2950 2250 Γεᾶατιιω
3023 2160 3544 2289 ΡΙιὶΙοΓορῙιῖλι

546 2316 880 2376 carum.
947 2292 1129 2402 Pag.
1172 2313 1369 2397 193.
1425 2294 1504 2373 δι
1556 2283 1722 2405 seq.
1795 2285 2163 2373 recenset
2223 2288 2470 2381 libros
2536 2284 2858 2376 Indicos‘
2928 2328 2953 2389 ·,
3042 2290 3182 2375 ubi
3270 2282 3550 2381 etiarn

544 2441 801 2529 pauca
848 2413 1129 2501 adiicit
1194 2417 1295 2498 de
1360 2438 1545 2499 aera
1599 2416 1814 2527 regis
1871 2410 2136 2500 Indici
2204 2414 2822 2536 Vikramcidltyae.
2887 2421 3276 2530 Pagaoa.
3313 2440 3526 2541 opus

544 2540 963 2629 concludit
1015 2536 1561 2627 differtatione
1626 2542 1729 2624 de
1796 2536 2160 2654 paradiso
2212 2543 2292 2623 δε
2342 2537 2673 2628 inferno
2736 2545 3126 2661 gentilico
3160 2602 3185 2629 .

1228 2762 2235 2914 ‘·NUM1=.R0
2380 2728 2617 2876 vn.

468 3031 479 3040 ⁸
554 2923 1208 3155 Offervaziom’
1222 3037 1450 3148 sbpra
1504 3039 1576 3120 Ie
1606 3033 1975 3120 relaezr'onl
1999 3095 2026 3136 ‚
2066 3033 2194 3120 che
2221 3039 2329 3150 fh
2388 3045 2508 3123 M.
2559 3041 2889 3126 Hotwetl
2967 3042 3245 3156 Inglest
3334 3044 3532 3160 degl'

550 3169 1013 3252 evem‘mentt‘
1056 3165 1334 3270 t‘storlcl
1381 3166 1707 3247 taceant!
1753 3169 1823 3248 le
1871 3164 2258 3272 provincie
2314 3166 2439 3249 del
2485 3170 2816 3279 Bengala
2859 3199 2898 3254 e
2939 3162 3486 3278 dell'lndqstano
3501 3227 3529 3261 .

547 3296 874 3379 Codex-
915 3291 1387 3379 chartaceus
1454 3284 2043 3399 manuscriptus
2088 3294 2417 3376 auctore
2464 3294 2544 3377 P.
2576 3295 2856 3377 Marco
2908 3319 2954 3377 a
3017 3292 3336 3382 Tumba
3376 3326 3530 3383 nu-

553 3443 815 3502 merat
859 3421 1176 3531 paginas
1219 3445 1360 3519 51.
1427 3416 1509 3499 {n
1573 3444 1656 3522 4.
1730 3415 2057 3500 Adiecit
2144 3413 2248 3498 ad
2336 3413 2639 3501 calcem
2709 3421 2982 3534 operis
3071 3422 3528 3537 aliquarum

554 3545 1005 3629 Indicarum
1065 3545 1513 3628 distionnm
1574 3541 2113 3656 etymologias
2177 3597 2204 3638 ‚
2269 3567 2376 3628 ex
2448 3542 2751 3657 quibus
2833 3547 2936 3629 oa
2998 3548 3312 3634 Holxvel
3368 3551 3528 3638 lin·-

550 3691 763 3778 guae
815 3672 1061 3752 etiam
1110 3667 1459 3780 vulgaris
1529 3665 1987 3751 Indostanae
2042 3665 2398 3779 imperiti
2488 3666 2793 3754 somnia
2849 3673 2933 3754 δε
2997 3678 3323 3757 naenias
3404 3677 3530 3761 di·-

552 3787 873 3902 spellit÷
937 3795 1180 3878 Liber
1246 3792 1384 3876 hic
1446 3819 1493 3875 a
1550 3795 1634 3875 P.
1674 3797 1957 3877 Marco
2022 3793 2247 3874 dono
2305 3793 2539 3878 datus
2603 3793 2767 3880 fuit
2822 3797 3284 3911 amplissimo
3333 3802 3531 3887 Car-

548 3913 798 4004 dinali
856 3920 1471 4030 Borgiaeanno
1540 3941 1801 4021 1775.
1892 3941 2062 4031 quo
2119 3917 2206 3999 P.
2264 3918 2588 4005 Marcus
2653 3926 2950 4005 iterum
3020 3924 3328 4009 Indiam
3397 3951 3529 4011 re-

549 4043 792 4154 petiit
828 4095 852 4120 .
920 4045 1186 4125 Huius
1242 4042 1548 4125 codicis
1618 4044 1993 4124 meminit
2049 4039 2445 4155 Anquetil
2506 4045 2617 4128 du
2657 4049 3029 4148 Paron,
3092 4047 3527 4136 Rechmhes

550 4165 973 4276 hgstort’ques
1003 4167 1146 4272 fin·
1206 4159 1436 4250 I'Inde
1468 4186 1738 4249 romaz.
1784 4191 1963 4279 pag.
2008 4172 2209 4271 568.
2274 4226 2302 4266 ,
2391 4195 2580 4253 eum
2630 4176 2847 4255 enim
2885 4170 3309 4288 requisitus
3345 4204 3526 4263 atn-

549 4286 924 4405 pliffimus
960 4291 1412 4377 Cardinalis
1433 4290 1736 4403 Borgia
1761 4291 2240 4407 Anquetilio
2269 4292 2672 4382 Lutetiam
2709 4291 3214 4396 miser-armon
3249 4323 3523 4390 tamen
3561 4393 3575 4407 .

553 4411 848 4500 librum
905 4420 990 4499 P.
1026 4419 1276 4501 Marci
1340 4445 1538 4500 num.
1571 4430 1739 4516 v1.,
1805 4444 2051 4531 quem
2143 4418 2532 4532 Anquetil
2597 4448 3040 4539 numquam
3111 4420 3518 4539 inspexit.

551 4539 674 4624 Ex
725 4538 1321 4627 recenfionibus
1394 4540 1547 4623 istis
1608 4543 1766 4624 iam
1828 4544 2065 4655 plane
2127 4536 2637 4656 perspicuum
2686 4547 2843 4633 est:
2917 4550 3005 4631 R.
3044 4550 3126 4633 P.
3159 4554 3530 4643 Marcum

551 4689 601 4747 a
660 4665 986 4755 Tumba
1036 4670 1294 4757 virum
1359 4661 1514 4755 eisc
1556 4659 1965 4783 probum,
2025 4667 2282 4753 labori
2337 4674 2692 4762 maxime
2747 4673 3180 4778 deditum,
3241 4679 3325 4764 in
3397 4681 3526 4763 In-

2065 4798 2147 4879 Y.
2201 4823 2248 4885 a
3332 4803 3537 4889 dicis
