4299 5782
3344 360 3513 446 ²13

541 449 1430 569 expeditione'Bacehi
1491 446 1985 542 sonabantur
2028 520 2057 560 ,
2122 480 2418 571 nempe
2478 454 2786 543 crotala
2847 518 2874 562 ,
2937 460 3513 574 campanulae,

543 609 927 705 tympana
959 643 982 668 ,
1031 586 1275 666 tubae
1342 646 1368 682 ,
1419 603 1630 699 quae
1702 583 2139 669 hodiedum
2194 573 2692 670 indelubris
2739 587 3037 674 Indicis
3074 592 3508 673 obtinent.

545 710 1057 798 Candelabra
1099 777 1118 807 ‚
1181 710 1477 822 quibus
1515 714 1815 797 Graeci
1887 710 2106 798 faces
2176 707 2803 814 substituerunt,
2868 719 2942 798 δι
3001 716 3521 829 campanulae

426 857 430 862 ’
542 866 641 927 ac
704 838 1005 924 crotala
1072 866 1118 923 a
1185 840 1370 918 viris
1431 843 1509 921 δι
1568 837 1898 922 feminis
1952 845 2543 948 portabantur,
2608 837 2873 924 sedin
2942 838 3170 928 India
3217 845 3515 927 cande·

542 965 765 1051 labra
823 966 1290 1074 cumprimis
1347 990 1392 1046 a
1455 960 1784 1049 feminis
1843 962 2411 1076 Baffart’dlbus,
2475 993 2816 1082 quarum
2854 995 3217 1082 propago
3251 959 3524 1083 &sae-

541 1093 667 1175 ἂα
726 1086 907 1174 sunt
965 1086 1409 1186 hodiernae
1478 1085 1878 1183 De—vadbli
1923 1090 2057 1174 seu
2108 1092 2452 1178 deorum
2509 1090 2909 1194 famulae,
2973 1094 3317 1205 Nrtagui’
3366 1092 3516 1179 sal·

540 1221 931 1316 tatrices,
996 1215 1442 1299 Lufitaniee
1513 1218 2006 1302 Bathadeirae
2065 1218 2326 1304 dietae
2377 1279 2405 1319 ,
2469 1246 2679 1336 quae
2723 1220 3164 1304 hodiedum
3227 1222 3307 1303 in
3390 1223 3514 1306 In·

542 1343 677 1428 dia
739 1346 821 1427 in
879 1345 1195 1454 pompis
1266 1333 1811 1442 solemnibus,
1874 1342 2086 1427 festis
2147 1346 2493 1444 diebus,
2554 1349 2634 1428 in
2707 1346 3053 1457 publicis
3105 1343 3517 1460 p'roceffio·
3683 1407 3690 1414 -

544 1469 853 1569 nibus,
923 1472 1008 1553 in
1074 1465 1581 1552 tradufflone
1650 1462 1979 1579 sponsae
2037 1468 2139 1554 ad
2205 1472 2538 1555 domum
2592 1467 2845 1583 sponsi
2914 1470 3249 1556 immiffo
3303 1473 3390 1555 in
3423 1499 3520 1557 os

546 1595 816 1708 digito
862 1620 1096 1678 more
1149 1590 1551 1679 Bacchico
1619 1587 1930 1682 ululare*
1981 1591 2239 1681 solent
2272 1660 2294 1684 .
2361 1599 2679 1683 Graeca
2713 1601 2788 1680 &
2823 1597 3181 1711 Romana
3248 1598 3520 1713 aliqua

541 1745 1079 1805 monumenta
1139 1717 1516 1804 Bacchum
1571 1722 1947 1806 iuvenem
1985 1717 2255 1807 afficitis
2288 1724 2552 1809 cidem
2584 1723 3018 1836 tigridibus
3051 1782 3081 1825 ,
3140 1721 3525 1836 elephan-

540 1849 707 1947 tis,
772 1873 868 1932 ac
922 1845 1417 1930 ululantibus
1475 1847 1597 1931 his
1659 1845 1987 1934 feminis
2045 1848 2569 1938 dimicantem
2608 1849 3053 1933 exhibent.
3112 1852 3341 1935 Haec
3377 1876 3521 1937 ve-

540 1998 637 2055 ro
695 1972 948 2086 palam
998 1975 1077 2056 &
1134 1995 1416 2080 aperte
1482 1973 1898 2076 indicant,
1966 1973 2253 2059 Bacche*
2311 1974 2620 2061 cultum
2685 1978 2789 2059 ab
2849 1976 3090 2059 initio
3143 2001 3245 2061 ex
3283 1976 3521 2062 India

538 2095 971 2185 dimanaffe
997 2155 1022 2194 ,
1091 2121 1270 2180 nam
1329 2120 1522 2182 ante
1583 2101 2007 2184 Alexandri
2041 2107 2164 2183 M.
2228 2105 2309 2185 δε
2372 2100 2660 2186 Seleuci
2698 2102 3078 2198 Ni'catorls
3151 2125 3519 2217 tempora

542 2250 699 2310 nec
752 2223 1237 2339 Aegyptus,
1306 2249 1458 2309 nec
1517 2224 1865 2310 Graecia
1917 2223 2396 2340 elephantes
2464 2226 2902 2341 pollidebat
2959 2284 2989 2328 ,
3051 2221 3358 2345 eosque
3415 2252 3519 2311 aa

534 2351 965 2436 Ptolemaeis
1021 2352 1376 2464 primurn
1435 2344 1537 2434 e'x
1603 2352 1830 2436 India
1892 2354 1975 2437 in
2024 2349 2500 2466 Aegyptum
2569 2350 2950 2444 adveaos
3011 2346 3241 2437 fuisse
3332 2345 3517 2439 scri·

534 2501 814 2592 ptores
878 2477 1352 2562 memoriae-⁷
1395 2475 1930 2588 prodiderunt
2005 2534 2033 2563 .
2125 2476 2722 2592 Elephantibus
2814 2475 3165 2591 insignes
3239 2472 3531 2564 Bacch!

538 2599 1043 2714 triumphum
1108 2602 1488 2686 ducentis
1542 2626 1864 2692 veteres
1929 2625 2179 2687 urnac
2238 2601 2541 2689 exstant
2601 2608 2876 2686 Romae
2936 2605 3023 2686 in
3081 2601 3340 2690 hortis
3375 2606 3532 2691 Lu·

536 2725 1013 2812 dovifianis.
1072 2725 1291 2810 Infra
1338 2723 1472 2809 dei
1524 2727 1818 2812 Ramac
1876 2725 2218 2839 figuram
2288 2722 2524 2838 supra
2591 2723 3073 2839 descriptam
3156 2727 3526 2841 stagnum

535 2849 940 2966 lapidibus
987 2850 1403 2973 quadratis
1448 2853 1803 2941 cinnum
1893 2849 2144 2940 exstat
2206 2915 2234 2952 ,
2332 2855 2418 2938 in
2497 2879 2670 2973 quo
2731 2846 2985 2971 pisces
3052 2876 3331 2943 natare
3392 2857 3527 2947 vi·-

533 2977 892 3067 dentur.
1279 3012 1290 3023 ·

792 3104 1090 3189 Tertio
1143 3098 1430 3187 ordine
1483 3104 1566 3189 in
1625 3100 1906 3190 eadem
1952 3100 2177 3189 valva
2235 3096 2374 3219 fig.
2407 3103 2470 3189 1.
2508 3105 2869 3193 occurrit
2913 3103 3183 3194 Vlsbnu
3239 3118 3539 3196 caeru-

530 3226 662 3318 lea
718 3227 930 3318 facie
966 3290 993 3331 ,
1055 3227 1318 3329 stans,
1381 3230 1599 3314 clava
1656 3228 2130 3329 instruetus,
2195 3255 2357 3344 qua
2401 3228 2875 3342 elephantes
2908 3292 2933 3332 ,
3000 3227 3305 3348 pisces,
3348 3261 3559 3331 cro„

535 3357 851 3445 codilos
912 3357 1231 3471 aliaque
1302 3360 1715 3470 terrigena
1771 3358 1848 3439 δι
1892 3351 2321 3442 fluviatilia
2372 3359 2744 3442 animalia
2788 3358 3069 3443 domat
3102 3418 3129 3459 ,
3190 3362 3269 3443 &
3305 3364 3523 3447 cicui

535 3488 657 3571 ria
713 3484 1031 3571 reddit.
1093 3479 1482 3567 Cocodili
1573 3473 1815 3566 dorso
1874 3477 2226 3566 insistens
2285 3481 2564 3576 visitur
2621 3481 2757 3567 dei
2817 3482 3132 3570 Vishnu
3187 3479 3322 3570 seu
3378 3487 3518 3573 dei

532 3606 787 3695 Rama
841 3612 1103 3695 ciacra
1136 3667 1162 3695 ,
1226 3611 1876 3721 omnipotentiae
1932 3603 2301 3720 infigne,
2364 3609 2593 3726 quod
2628 3610 3517 3709 indicat,crocodilum

537 3735 757 3820 inter
818 3731 1259 3820 fluviatilia
1321 3735 1696 3822 animalia
1757 3736 2210 3851 principem
2276 3731 2429 3822 csse
2472 3796 2498 3833 ,
2562 3763 2657 3823 ac
2720 3732 2969 3821 Rama
3027 3739 3274 3824 deum
3334 3766 3525 3829 cro-

536 3860 787 3946 codili
870 3857 1213 3946 formam
1304 3857 1828 3976 affumpfille,
1899 3863 1979 3946 in
2050 3888 2214 3978 qua
2272 3859 2787 3972 elephantem
2872 3889 2919 3948 a
2994 3864 3203 3951 malo
3266 3866 3523 3980 genio

531 3981 927 4071 obseffum
979 3992 1054 4069 ἃ
1116 3990 1766 4099 omnipotentiae
1826 3983 2010 4073 suae
2060 3988 3062 4105 recalcitrantem,ncque
3124 3995 3307 4077 eius
3394 3992 3524 4080 di-

533 4113 965 4199 vinitatem
1036 4107 1477 4225 agnoscere
1546 4113 1958 4200 volentem
2040 4115 2477 4199 momordit
2527 4174 2553 4213 ,
2615 4116 2812 4199 vicit
2870 4174 2897 4213 ,
2983 4120 3342 4205 cicurem
3396 4140 3517 4215 ¹ct

532 4240 1012 4355 placabilem
1073 4239 1423 4326 reddidit
1462 4299 1485 4325 .
1559 4244 1775 4327 Hinc
1826 4236 2158 4327 fortaffis
2216 4241 2429 4355 apud
2499 4241 2745 4326 Indos
2810 4298 2841 4338 ,
2902 4243 2983 4322 δε
3049 4241 3518 4364 Aegyptios

530 4369 619 4454 in
687 4365 1140 4452 crocodilos
1196 4371 1609 4454 veneratio
1670 4427 1692 4451 .
1766 4371 2053 4483 ltaque
2110 4368 2385 4455 tabula
2431 4366 2688 4465 haec,
2749 4369 3326 4457 incarnationis
3382 4372 3519 4460 dei

537 4494 820 4583 Vishnu
893 4498 973 4581 in
1031 4486 1354 4578 flamm
1408 4489 1544 4583 seu
1615 4493 2018 4583 Bacchum
2068 4522 2246 4580 eam
2311 4521 2620 4612 partem
2684 4488 3025 4580 exhibet
3060 4554 3089 4595 ,
3124 4525 3333 4614 quae
3370 4499 3525 4584 do-

535 4646 733 4722 cet,
796 4649 839 4707 a
901 4624 1215 4709 Baccho
1283 4651 1447 4709 non
1520 4619 1775 4709 solum
1824 4622 2198 4708 homines
2255 4681 2281 4722 ,
2346 4618 2480 4706 sed
2539 4627 2619 4703 δε
2673 4618 3049 4703 animalia
3147 4625 3516 4713 domita...-

534 4741 823 4833 fuisse.
895 4751 1270 4839 Deuotat
1330 4778 1745 4868 praetcrea
1796 4750 1931 4850 id,
1994 4752 2219 4870 quod
2302 4753 2381 4833 iu
2459 4748 2642 4860 [fide
2719 4748 2967 4830 docet
3034 4750 3517 4837 Plutarchus-2

536 4872 949 4967 Bacchum
1010 4881 1394 4973 videlicet
1454 4884 1536 4969 δι
1599 4876 1983 4972 humidae
2049 4905 2387 4970 natu-rae
2454 4874 2880 4967 domiuum
2934 4867 3081 4964 soli
3140 4876 3277 4970 seu
3336 4881 3517 4991 igni

3333 5032 3531 5097 con·

3430 5322 3455 5367 X
