4299 5782
514 463 767 527 unum
801 503 824 541 ,
884 442 1100 529 aliud
1165 473 1359 534 vero
1411 446 1514 530 de
1575 474 1744 563 quo
1793 447 1979 535 heic
2022 448 2256 534 nobis
2329 442 2590 532 sermo
2641 448 2807 551 est,
2872 450 3114 535 exstat
3162 451 3258 534 ‚in
3317 449 3480 540 hoc

512 563 684 681 ipso
743 562 1016 651 museo
1083 579 1488 688 Borgiano
1548 578 1875 661 Velitris
1914 635 1934 658 .
2000 576 2360 662 Adieeiis
2458 577 2561 660 ab
2644 579 3089 690 interprete
3143 577 3324 661 libri
3398 581 3484 663 in
3621 670 3626 675 ,

519 719 834 789 textum
907 693 1393 806 glossematis
1457 701 1704 786 verfio
1762 701 1964 786 haec
2029 706 2104 787 in
2158 727 2452 818 quarto
2510 727 2883 787 numerat
2948 705 3283 815 paginas
3353 707 3491 787 tri-

516 829 801 943 ginta.
870 828 1283 912 Dividitur
1345 831 1425 910 in
1493 827 1694 912 duos
1743 820 2176 929 umatus,
2236 835 2317 911 δι
2377 830 2458 914 in
2508 830 2751 938 primo
2785 831 3116 945 quidem
3150 828 3488 914 exhibet

520 956 1213 1065 interrogationes
1311 981 1357 1039 a
1443 951 1805 1038 Praefide
1887 958 2345 1069 Talapoino
2455 958 2535 1039 in
2629 955 3082 1065 praesentia
3147 954 3488 1039 aliorum

519 1084 794 1199 tyroni
843 1081 941 1163 ad
1003 1080 1448 1164 institutum
1508 1074 2156 1193 philosophicum
2226 1082 2857 1192 Talapoinicum
2914 1072 3314 1166 initiando
3372 1078 3491 1165 fa·

521 1206 909 1303 ciendas,
972 1209 1053 1288 in
1081 1207 1405 1314 secundo
1471 1198 1707 1291 affert
1773 1208 2190 1319 epitomen
2249 1206 2710 1321 regularum
2768 1269 2795 1307 ,
2882 1210 2964 1289 &
3055 1206 3494 1317 obligatio·

525 1357 771 1432 num,
835 1331 1137 1445 quibus
1209 1333 1563 1444 illigatur
1625 1334 2042 1429 novitius,
2108 1335 2249 1448 qui
2315 1333 2941 1445 Talapoinicum
3019 1332 3218 1417 illud
3289 1329 3498 1414 insti·

523 1480 793 1543 tutum
829 1458 1338 1570 ampleetitur
1368 1513 1391 1539 .
1464 1460 1748 1542 Paucis
1787 1458 2049 1542 dicam
2090 1489 2113 1542 ε
2186 1458 2396 1542 liber
2413 1464 2855 1544 Kammwva
2889 1456 3066 1543 fere
3086 1484 3191 1542 ea
3216 1460 3496 1555 omnia

524 1581 1137 1698 complectitur,
1202 1580 1414 1700 quae
1479 1581 1690 1669 liber
1747 1586 2234 1672 Padi-mauka
2270 1644 2296 1684 ‚
2354 1588 2459 1669 de
2505 1611 2675 1699 quo
2711 1582 2941 1696 supra
2980 1594 3322 1696 pag.16.
3365 1605 3498 1697 ¹7·

524 1709 1021 1794 differuimus
1054 1770 1078 1794 .
1141 1708 1463 1795 Confer
1528 1712 1771 1793 etiam
1813 1711 2172 1796 Examen
2222 1709 2599 1795 codicum
2647 1710 3112 1794 Indicorum
3153 1734 3496 1821 pag.4r.

529 1861 682 1940 77.
724 1837 868 1937 78.
918 1836 1041 1919 Ex
1097 1836 1309 1920 libro
1372 1840 1808 1920 Kammuva
1872 1836 2131 1952 palam
2189 1838 2267 1920 δι
2325 1860 2604 1949 aperte
2662 1836 3151 1934 deducitur,
3201 1836 3494 1946 primo.

522 1962 869 2043 Veteres
929 1960 1107 2045 illos
1169 1952 1657 2046 Samanaeos
1720 2022 1749 2062 ‚
1825 1987 2202 2080 -quorum
2288 1959 2636 2077 vestigiis
2694 1959 3052 2045 insistunt
3121 1959 3498 2046 hodierni

523 2083 958 2197 Talapoini
1025 2090 1301 2194 Pinzen
1366 2089 1554 2172 dieti
1592 2147 1616 2187 ‚
1681 2090 1959 2199 ignem
2036 2092 2114 2171 δι
2161 2114 2454 2203 aquam
2515 2110 2931 2200 tamquam
2969 2114 3238 2171 rerum
3287 2087 3500 2200 prin·

532 2211 740 2323 cipia
802 2212 1177 2313 coluisse,
1243 2210 2022 2326 transmigrationem
2079 2216 2528 2299 animarum
2563 2209 2965 2313 docuisse,
3028 2240 3173 2326 per
3214 2212 3496 2325 ignem

528 2340 605 2419 &
663 2363 953 2450 aquam
1008 2335 1143 2425 sua
1209 2367 1547 2453 corpora
1594 2336 1989 2441 lustrasse,
2052 2367 2145 2426 ac
2203 2337 2514 2454 piacula
2563 2333 2952 2454 expiaffe3
3016 2338 3316 2435 veteris
3374 2339 3496 2419 in·

526 2459 779 2547 stituti
837 2462 1338 2551 Samanaeici
1406 2467 1814 2551 cardinem
1881 2469 2349 2583 cumprimis
2417 2463 3312 2575 meditationem-entis
3371 2456 3502 2545 su·

520 2591 850 2701 premi,
913 2588 1513 2679 abdicationem
1581 2618 1849 2677 rerum
1886 2656 1913 2691 ,
1980 2594 2573 2678 continentiam
2631 2618 2680 2674 a
2739 2584 3216 2689 mulieribus
3263 2647 3290 2685 ‚
3367 2585 3497 2671 bis

527 2715 609 2796 in
686 2711 954 2801 mense
1010 2718 1202 2802 luna
1259 2744 1468 2817 nova
1516 2724 1596 2800 δε
1662 2717 1900 2829 plena
1951 2717 2290 2802 instante
2389 2740 2756 2802 mutuam
2853 2740 2948 2797 ac
3032 2710 3518 2822 generalem·

522 2830 847 2922 suorum
901 2828 1421 2954 peccatorum
1470 2839 2095 2941 confeffionem,
2163 2835 2722 2954 eleemosynae
2761 2833 3256 2954 quaesturam
3311 2894 3337 2935 ,
3399 2859 3500 2921 ac

525 2961 887 3079 denique
955 2961 1477 3078 asperrimum
1531 2971 1744 3052 vitae
1798 2994 2057 3080 genus
2124 2963 2416 3062 fuiffe3
2478 2965 2564 3049 id
2627 2965 2849 3079 quod
2890 2961 2993 3044 de
3033 2954 3498 3048 Samanaeis

529 3089 817 3174 docuit
868 3085 1160 3176 Strabo
1186 3145 1225 3198 ³.
1280 3091 1641 3192 Cicero,
1696 3090 2085 3206 Iosephus
2145 3090 2630 3190 Hebraeus,
2695 3083 3091 3172 Eusebius
3127 3147 3152 3184 ,
3219 3083 3490 3193 Philo,

526 3215 1020 3336 Porphyrius
1058 3265 1085 3295 ι
1148 3222 1249 3305 V.
1312 3216 1490 3336 Sffi.
1548 3218 2122 3306 Brabmant'cum
2168 3244 2350 3334 pag·
2383 3245 2530 3328 45.
2563 3225 2710 3325 46.
2759 3244 2896 3320 50.
2952 3216 3029 3294 &
3080 3206 3250 3326 seq.

785 3345 1163 3444 Secundo,
1231 3372 1332 3428 ex
1395 3343 1610 3428 libro
1662 3348 2095 3432 Kammuva
2160 3346 2429 3449 elucet
2465 3403 2491 3444 ,
2552 3336 3076 3456 philosophos
3138 3330 3500 3424 Avenses

528 3472 606 3554 δι
662 3474 1090 3582 chuanos
1160 3467 1600 3554 hodiernos
1661 3500 1924 3589 aeque
1968 3501 2061 3558 ac
2112 3471 2502 3555 Siamicos
2557 3492 2872 3551 veteres
2939 3465 3309 3579 quinque
3369 3463 3501 3549 illa

476 3622 900 3687 -veterum
956 3598 1583 3682 samanaeorum
1639 3603 2070 3715 praecipua
2154 3618 2588 3712 praecepta
2669 3591 3114 3677 hodiedum
3207 3613 3500 3701 magna

528 3723 929 3833 religione
974 3717 1396 3828 observare
1430 3781 1456 3823 ‚
1521 3724 1901 3811 videlicet
1939 3764 1961 3808 a
2026 3727 2091 3806 I.
2162 3747 2326 3808 non
2377 3716 2751 3804 occidere
2806 3776 2830 3802 .
2887 3719 2988 3801 11.
3054 3741 3217 3802 non
3278 3740 3505 3798 moe-

536 3845 817 3940 chari,
881 3849 959 3929 id
1034 3844 1192 3950 est,
1255 3875 1585 3932 omnem
1642 3845 2066 3944 libidinem
2110 3850 2401 3963 fugere
2439 3903 2464 3928 .
2534 3844 2672 3926 ΠΙ.
2736 3868 2898 3926 non
2974 3838 3298 3940 furari,
3360 3834 3505 3923 seu·

537 3969 739 4057 nihil
793 3972 1136 4058 alienare
1170 4032 1192 4057 .
1256 3974 1398 4059 IV.
1455 4001 1617 4059 non
1675 3979 2050 4062 mentiri.
2099 3980 2202 4060 V.
2255 4001 2303 4060 a
2358 3973 2554 4056 vino
2598 3963 2992 4052 abstinere
3037 4027 3061 4049 .
3128 3967 3230 4049 V.
3279 3961 3502 4081 Sffle·

529 4127 655 4186 ma
710 4099 1340 4202 Brabmani’cum‚
1404 4127 1590 4215 pag.
1629 4129 1767 4209 53.
1818 4132 1951 4211 54.
2013 4105 2237 4189 Haec
2295 4118 2727 4212 praecepta
2787 4090 2986 4177 basis
3020 4115 3105 4175 et
3137 4086 3497 4179 substan·

530 4229 644 4313 tia
701 4217 887 4310 sunt
948 4228 1315 4309 omnium
1381 4226 1839 4340 regularum
1897 4253 1983 4314 et
2069 4222 2741 4313 constitutionum
2802 4242 3014 4333 quae
3106 4216 3190 4296 in
3282 4209 3495 4297 libro

532 4356 959 4440 Kammuva
999 4374 1135 4451 ,et
1171 4353 1625 4436 Padimauka
1675 4355 1921 4470 longa
1985 4379 2072 4438 et
2128 4347 2447 4436 differta
2507 4344 2963 4431 narratione
3039 4337 3501 4444 docentur,

537 4504 789 4594 atque
844 4480 947 4565 ad
993 4476 1153 4561 hoc
1213 4479 1426 4562 vitae
1490 4507 1746 4594 genus
1810 4478 2257 4565 ineundum
2326 4498 2611 4557 omnes
2659 4467 2771 4550 illi
2833 4469 3033 4549 ritus
3102 4526 3127 4565 ,
3191 4467 3507 4549 exami-

536 4635 639 4692 na
697 4665 725 4708 ‚
813 4633 900 4695 et
984 4603 1302 4690 festivus
1381 4631 1802 4716 apparatus
1868 4604 2351 4688 initiationis
2415 4595 2998 4708 Talapoinicae
3059 4590 3417 4677 refertur
3476 4651 3505 4694 ,

514 4732 683 4846 §qui
751 4736 1217 4845 cumprimis
1280 4733 1361 4816 in
1425 4729 1581 4817 hoe
1616 4721 1841 4815 libro
1884 4735 2319 4814 Kammuva
2373 4719 2859 4808 describitur
2911 4779 2937 4803 .
3005 4712 3256 4803 Tertio
3301 4777 3327 4817 ,
3393 4743 3500 4802 ex

535 4857 797 5016 gloffis
855 4837 1321 4980 interpretis
1354 4857 1756 4980 'apparete
1822 4857 2103 4946 Pinzen
2161 4844 2684 4971 philosophos
2720 4851 3139 4959 ita'vocari
3196 4870 3243 4930 a
3285 4840 3497 4954 qut’n·

3265 4993 3278 5002 ·
3351 4991 3497 5078 que
