4299 5782
390 437 396 443 '
527 420 723 535 Ipso.
790 423 1154 512 Hermes,
1223 417 1488 534 inquit
1550 421 1930 522 Servius,
1992 424 2411 508 Mercurius
2480 420 2722 524 dietas
2800 422 2896 527 est
2959 454 3010 507 a
3068 330 3435 530 sermone7
3458 330 3498 409 5

533 544 1035 633 lablonskius
1104 542 1259 628 hoc
1330 574 1625 631 nomen
1685 578 1784 633 ex
1851 556 1956 631 Er
2018 557 2095 633 δε
2162 552 2343 633 Meh
2408 548 2936 663 compositum
3026 544 3255 634 fuisse
3314 550 3497 669 'opi-

535 673 928 767 nabatur,
997 694 1242 784 atque
1307 700 1490 754 cum
1549 673 1963 791 Aegyptio
2027 682 2302 758 armai·
2356 704 2604 759 unum
2671 678 3051 793 idemque
3120 673 3270 760 effe
3344 681 3495 762 do-

535 798 824 884 cebat.
892 796 1200 878 Eodem
1252 822 1617 910 tempore
1676 827 1844 918 quo
1909 804 2207 885 Graeci
2277 805 2658 885 Mercurii
2717 829 3013 886 nomen
3051 810 3335 885 Herma
3370 807 3498 892 vel

454 970 459 974 ·
537 934 857 1013 Hermes
901 920 1355 1006 scribebant
1393 985 1417 1020 ,
1460 923 1832 1030 Hetrusci
1897 953 2212 1011 veteres
2283 929 2475 1011 illud
2528 921 2754 1011 Tur-m
2831 930 3339 1035 exarabant„
3407 957 3499 1018 nt

538 1046 773 1164 supra
829 1077 930 1133 ex
1008 1050 1615 1135 Winckelmanno
1667 1053 1861 1134 duas
1925 1078 2238 1164 pateras
2305 1078 2617 1137 veteres
2700 1053 2853 1137 boc
2936 1057 3264 1138 nomine
3324 1056 3502 1141 insi·

543 1202 742 1292 gnes
801 1178 1105 1258 citante
1164 1176 1930 1262 animadvertimus.
2000 1183 2207 1293 Quis
2269 1181 2518 1290 igitur
2590 1183 2881 1263 rectius
2975 1179 3130 1263 hoc
3192 1206 3492 1266 nomen

539 1299 908 1415 scripsit?
975 1298 1099 1382 An
1162 1298 1615 1417 Aegyptii,
1680 1329 1780 1385 an
1823 1300 2182 1401 Graeci,
2242 1329 2342 1385 an
2389 1300 2759 1387 Hetrusci
2814 1312 2852 1386 2
2920 1307 3047 1390 An
3106 1268 3500 1424 Aegyptii

530 1433 615 1513 δι
670 1420 1035 1510 Hetrusci
1096 1425 1199 1508 de
1264 1429 1580 1510 Graeca
1658 1430 2004 1510 nominis
2077 1436 2370 1512 Herma
2453 1426 3036 1541 significatione
3140 1432 3354 1515 inter
3417 1427 3497 1518 se
3621 1458 3632 1470 ·

534 1547 1139 1643 conveniebant
1186 1559 1224 1635 2
1280 1552 1405 1637 An
1467 1552 1644 1637 Indi
1690 1554 2257 1638 conveniunt?
2315 1553 2441 1639 An
2498 1550 2815 1653 sermo,
2876 1558 3489 1667 interpretatio,

531 1679 835 1778 statua,
900 1681 1246 1764 nuncius
1303 1678 1642 1779 deorum
1680 1738 1706 1779 ,
1790 1704 1987 1794 quas
2044 1705 2167 1763 res
2234 1706 2519 1764 omnes
2606 1681 2905 1765 Graeci
2999 1707 3164 1765 uno
3231 1687 3497 1776 nomi,-

537 1835 641 1892 ne
693 1813 981 1912 Herma
1063 1800 1565 1916 Infigniunt,
1632 1832 1871 1889 unam
1942 1808 2367 1889 notionem
2425 1808 2960 1918 exprimunt?
3022 1805 3148 1889 An
3212 1827 3498 1894 omnes

536 1934 686 2016 hae
740 1932 1189 2031 dickioncs,
1251 1932 1512 2014 varios
1568 1926 1833 2013 sensus
1889 1928 2403 2016 includentes
2436 1991 2461 2030 ,
2533 1957 2700 2015 uno
2764 1932 3161 2016 vocabulo
3206 1941 3499 2018 Herma

532 2060 1043 2144 'denominari
1106 2052 1422 2169 possunt
1456 2115 1479 2152 ,
1543 2060 1621 2136 &
1665 2055 1997 2169 quidem
2060 2056 2520 2157 vocabule,
2553 2056 2817 2165 ‘cuius
2868 2059 3218 2141 radicem
3252 2065 3329 2143 δι
3364 2059 3501 2155 de·

541 2190 791 2269 rivata
846 2185 1142 2266 Graeci
1213 2207 1374 2262 non
1430 2178 1815 2292 aflignant
1881 2187 1917 2261 2
2013 2186 2236 2266 Nunc
2318 2203 2479 2265 tum
2565 2182 2870 2265 nomina
2925 2186 3198 2268 divina
3245 2247 3271 2286 ,
3333 2209 3498 2270 tum

523 2338 775 2423 preces
830 2310 1000 2392 vt’m
1018 2305 1246 2415 stram
1270 2300 1697 2412 'amiserunt
1754 2327 2138 2417 propterea
2167 2367 2193 2407 ‚
2256 2309 2455 2417 quod
2512 2310 2668 2390 iam
2730 2310 2864 2392 diu
2923 2309 3193 2423 fiasque
3262 2313 3498 2425 deque

521 2454 1049 2549 permutarunt
1114 2465 1200 2517 ea
1234 2494 1259 2533 ,
1327 2428 1423 2518 ὁ·
1484 2433 1722 2517 adhuc
1755 2453 2192 2543 permutant
2237 2435 2507 2518 Graeci
2561 2456 2954 2517 novatores
3031 2434 3128 2519 ὠ·
3182 2441 3501 2522 violato-

524 2594 650 2647 res
682 2626 700 2647 .
737 2622 758 2642 .
791 2623 812 2644 .
871 2561 1205 2644 Barbari
1258 2583 1346 2645 ut
1379 2560 1568 2667 stent
1628 2560 1943 2644 moribus
1983 2590 2271 2671 graves
2305 2621 2328 2659 ,
2366 2564 2481 2671 sic
2536 2554 2635 2643 &⁸
2689 2561 2764 2644 fn
2829 2562 3197 2647 vocabulis
3236 2566 3500 2679 firmi·

444 2736 456 2749 ·
524 2713 650 2773 ter
704 2709 1196 2798 permanent.
1259 2684 1616 2770 Iamblic.
1674 2686 1804 2773 lib.
1861 2686 1954 2768 de
2002 2684 2382 2803 mysteriis
2420 2687 2613 2789 sefl-
2658 2713 2737 2788 7.
2793 2716 2854 2770 c.
2900 2714 2978 2788 5.
3048 2692 3345 2771 Herma
3382 2718 3498 2770 er·

533 2840 642 2927 go
700 2816 1114 2922 corruptio
1200 2809 1309 2896 est
1409 2813 1662 2895 Indici
1754 2812 2099 2895 nominis
2169 2814 2500 2896 Dherma
2568 2813 2694 2893 vel
2755 2809 3094 2895 Dharma
3153 2871 3178 2912 ,
3271 2814 3497 2926 quod

533 2938 1086 3050 beneficentiam
1148 2999 1170 3035 ,
1229 2939 1598 3020 virtutem
1655 2995 1681 3037 ,
1743 2937 2005 3019 bonum
2062 2962 2230 3044 opus
2299 2934 2690 3048 fignificat
2725 2992 2750 3017 .
2820 2937 3021 3023 Inde
3073 2963 3497 3051 promanat

530 3060 1085 3173 Dhermara'gt'a
1119 3119 1143 3159 ,
1183 3064 1538 3174 beneficus
1575 3090 1717 3145 rex
1749 3122 1774 3160 ,
1838 3087 2295 3173 cognomen
2330 3063 2708 3144 Mercurii
2749 3120 2771 3159 ,
2827 3064 2965 3174 qui
3006 3060 3221 3175 apud
3256 3063 3498 3152 Indos

512 3190 1018 3300 ‘allegoricus
1076 3194 1153 3271 δε
1217 3186 1542 3272 fictitius
1608 3187 1715 3270 est
1786 3186 2375 3299 contemplator
2442 3181 2577 3271 seu
2647 3182 3224 3300 philosophus,
3289 3217 3490 3291 rex,

534 3322 613 3402 δι
676 3311 1089 3414 sacerdos,
1155 3342 1337 3400 cum
1399 3312 1576 3395 Indi
1648 3313 2010 3425 planetas
2058 3339 2341 3395 omnes
2387 3313 2693 3396 ordinis
2770 3306 3274 3397 sacerdotalis
3334 3314 3490 3400 effe

515 3442 972 3536 hodiedum
1034 3441 1441 3527 doceant.
1466 3448 1771 3523 Ancor
1813 3438 2051 3552 questo
2134 3442 2176 3522 ἑ
2257 3442 2344 3524 di
2425 3470 2656 3550 rango
2747 3435 2859 3521 de'
2879 3440 3317 3547 ficet-doti,
3379 3449 3494 3526 ait

532 3574 617 3654 P.
667 3569 1245 3653 Constantinus
1298 3565 1401 3650 ab
1449 3562 1744 3678 Asculo
1798 3569 1877 3649 in
1947 3566 2253 3650 Notizz’e
2317 3566 2703 3651 Laconiche
2758 3565 2856 3648 ad
2914 3563 3052 3676 fig.
3089 3594 3223 3671 53.
3256 3627 3282 3666 ,
3353 3569 3489 3686 ubi

528 3696 634 3780 de
696 3693 1003 3780 Shucra
1062 3691 1196 3779 seu
1263 3700 1557 3777 Venere
1593 3669 1914 3805 planeta
1969 3687 2327 3776 disserit.
2392 3694 2615 3776 Idem
2656 3690 2902 3773 docet
2951 3697 3313 3776 Sonnerat
3346 3719 3401 3777 t.
3423 3725 3492 3779 t.

517 3848 614 3935 p.
650 3848 851 3903 220.
894 3821 1074 3908 edit.
1118 3823 1198 3907 {n
1262 3823 1341 3910 8.
1401 3818 1697 3903 Graeci
1759 3822 1835 3901 δι
1904 3820 2200 3922 Grajae
2245 3815 2547 3902 caussae
2596 3811 3061 3901 defensores
3115 3818 3347 3902 nobis
3382 3821 3496 3902 di·

511 3970 783 4046 cant,
849 3940 1647 4059 quando&ubinam
1678 3946 1974 4027 Graeci
2012 3945 2464 4029 docuerant
2520 3943 2882 4055 planetas
2910 3939 3422 4057 philosophos
3457 3997 3486 4043 ,

526 4068 982 4162 sacerdotes
1037 4133 1064 4172 ,
1155 4078 1231 4155 δι
1290 4072 1966 4183 contemplatores
2035 4066 2187 4153 effe
2233 4077 2271 4153 2
2344 4074 2505 4169 &,
2589 4065 2640 4150 si
2733 4093 2894 4150 non
2952 4072 3400 4152 docuerant
3463 4126 3491 4166 ,

518 4199 826 4301 edant,
889 4224 1033 4281 cur
1078 4257 1103 4300 ,
1167 4226 1330 4311 qua
1397 4200 1761 4298 tatione,
1820 4224 1921 4281 ex
1989 4223 2149 4312 qua
2185 4193 2460 4287 caussa
2512 4189 2651 4307 ipfi
2720 4195 3216 4289 Mercurium
3271 4188 3492 4277 Tris-

521 4327 943 4439 megistum
1007 4378 1036 4416 ‚
1050 4319 1719 4437 philosophum,
1785 4315 2342 4430 sacerdotem,
2403 4325 2479 4403 δι
2541 4343 2818 4429 regem
2892 4313 3045 4399 effe
3103 4318 3489 4422 credant,

526 4453 1247 4566 perhibeantquffl
1301 4452 1596 4534 Nonne
1650 4446 2006 4535 fabulam
2067 4445 2276 4531 hanc
2310 4506 2336 4545 ,
2407 4469 2493 4527 ut
2558 4468 2858 4525 nomen
2922 4443 3259 4527 Dberma
3293 4502 3323 4548 ,
3381 4447 3488 4531 ab

522 4579 745 4668 Indis
800 4597 1291 4690 acceperunt
1326 4634 1350 4674 ,
1415 4576 1494 4657 &
1563 4601 1861 4659 nomen
1912 4573 2264 4692 quidem*
2312 4590 2850 4681 corruperunt
2882 4628 2909 4670 ,
2974 4573 3310 4683 triplicis
3346 4600 3504 4658 aum

522 4724 695 4792 tem
758 4701 1441 4798 denominationis
1490 4699 1824 4792 caussam
1866 4698 2002 4814 ipli
2048 4693 2363 4816 semper
2396 4700 2870 4812 ignorarunt
2905 4706 2943 4784 2
2976 4700 3487 4794 Vocabulum

906 4853 911 4866 ⁸
1760 4849 1769 4856 ⁰
2020 4879 2027 4884 ’
3229 4843 3480 4969 ωὲὃ

513 5003 633 5050 ,ι-
