4299 5782
2973 124 2985 132 ·
3038 97 3105 140 t·-

3042 140 3145 166 ⁶—-

487 406 775 500 Tertia
840 403 1099 521 ligura
1153 392 1489 491 exhibet
1545 401 1814 487 deum
1885 396 2166 486 Vishnu
2221 387 2367 486 sub
2431 385 2721 480 arbore
2781 393 3182 480 iacentem
3241 295 3481 497 ,Ωὲὸῖ

492 543 665 627 lore
720 531 949 621 fusco
984 532 1411 628 caeruleo,
1443 526 1760 612 duabus
1824 525 2197 611 manibus
2255 519 2646 634 infignem
2712 575 2737 608 .
2830 521 3048 610 Infra
3104 521 3244 607 stat
3295 529 3473 606 Ha-

496 649 774 750 numa‘n
855 661 1121 744 fimius
1172 659 1459 741 iuuetis
1520 650 1902 750 manibus
1946 680 2136 739 eum
2192 651 2530 735 adorans
2595 705 2622 746 ‚
2712 670 2797 735 et
2856 647 2958 735 ad
3017 673 3261 759 caput
3324 676 3475 734 nu-

366 784 378 800 '
501 791 747 877 minis
824 785 1073 869 Indus
1159 783 1634 895 appingitur
1731 805 2008 866 arcum
2096 776 2406 894 gestans
2475 799 2569 858 ac
2636 767 3025 864 ambabus
3096 768 3475 864 manibus,

507 914 844 1010 elevatis
893 911 1053 994 deo
1108 910 1664 993 adorationem
1717 904 2176 1019 praestans.
2204 904 2400 988 Hic
2469 898 2744 988 Vishnu
2812 896 3473 1011 capillamentum

507 1041 821 1127 nudum
855 1030 1111 1121 Ciada
1160 1036 1459 1118 dictum
1523 1033 1791 1148 gerit,
1848 1033 1932 1116 in
1988 1029 2227 1118 cuius
2267 1030 2492 1142 apice
2531 1023 2842 1139 sgnum
2877 1022 3250 1118 Bhavdm'
3273 1024 3478 1114 deae

508 1191 847 1252 aure-um
911 1163 1366 1275 prominet.

761 1290 1055 1372 Tertio
1101 1285 1387 1370 ordine
1457 1279 1718 1410 figura
1772 1283 2054 1396 prima
2077 1275 2513 1366 exhibetur
2554 1280 2825 1366 Vishnu
2856 1278 3054 1367 deus
3093 1272 3286 1366 stans
3321 1302 3481 1366 una

507 1440 765 1502 manu
832 1417 1174 1498 ciacram
1233 1470 1258 1509 ,
1323 1410 1573 1493 altera
1651 1407 2377 1523 quadrangulum,
2443 1410 2685 1492 tertia
2740 1405 3041 1494 clavam
3101 1400 3470 1512 gestanS.

507 1545 874 1657 Quarta,
939 1564 1184 1653 quae
1212 1533 1321 1619 est
1380 1535 1660 1621 dextra
1720 1531 2102 1631 inferior,
2163 1556 2455 1648 aquam
2525 1558 2613 1617 a
2606 1531 2965 1621 Brahma
2994 1526 3154 1618 deo
3181 1555 3279 1615 ex
3307 1527 3477 1616 alto

511 1666 655 1751 fibi
723 1658 1062 1747 infusam
1120 1663 1475 1772 excipit,
1535 1683 1621 1742 et
1667 1686 1770 1750 ex
1834 1658 1983 1741 hac
2048 1685 2258 1773 aqua
2325 1659 2573 1771 aliqui
2640 1657 2821 1742 Indi
2883 1654 3198 1744 flumen
3266 1655 3483 1739 Gan-

516 1818 761 1903 gem,
822 1814 911 1871 ut
983 1786 1371 1900 Aegyptii
1431 1812 1531 1868 ex
1585 1785 1778 1869 luna
1835 1784 2173 1880 Nilum,
2238 1808 2611 1870 exortum
2672 1777 2933 1867 fuiss'e
2953 1774 3489 1870 fabulantur.

517 1914 857 2000 Btahma
912 1912 1114 1995 deus
1171 1910 1355 1992 heic
1408 1936 1570 1990 non
1624 1906 1892 1995 visitur
1955 1909 2317 2022 appiaus
2378 1968 2404 2005 ,
2470 1908 2554 1994 in
2642 1907 2815 1993 aliis
2864 1929 3135 1995 tamen
3192 1931 3483 1992 monu-

521 2042 819 2139 mentis
871 2051 975 2119 ex
1040 2031 1215 2121 vase
1288 2036 1367 2116 in
1429 2033 1743 2121 Vishnu
1800 2034 1935 2118 dei
1981 2055 2260 2144 manus
2298 2026 2703 2147 pedesque
2739 2055 3035 2144 aquam
3065 2030 3483 2119 caelestem

507 2162 969 2248 -infundens
1020 2164 1379 2246 cernitur
1435 2219 1459 2243 .
1551 2155 1864 2244 Vishnu
1934 2156 2137 2242 deus
2202 2154 2637 2246 exhibetur
2690 2157 2966 2248 colore
3038 2157 3410 2246 caeruleo
3450 2216 3475 2240 .

503 2291 751 2374 -Haec
802 2293 1076 2403 itaque
1126 2286 1382 2402 figura
1425 2288 1598 2372 eius
1649 2288 2289 2374 incarnationem
2370 2290 2456 2372 in
2552 2289 2890 2373 Vamana
2978 2309 3276 2372 nanum
3320 2312 3478 2370 .-ex

504 2411 750 2498 hibet
829 2472 853 2496 .
977 2416 1182 2499 Vide
1254 2410 1769 2532 supraditsta.
1830 2414 2202 2502 Secunda
2269 2412 2527 2529 figura
2588 2409 3129 2526 repraesentat
3218 2412 3475 2498 deum

524 2540 795 2624 Visbnu
855 2533 1266 2624 sedentem
1314 2544 1395 2624 in
1469 2543 1686 2642 loto,
1743 2569 1951 2656 quae
1996 2545 2230 2625 lotos
2209 2571 2287 2626 ιιι
2332 2539 2614 2654 'stagno
2664 2535 3074 2633 crescens,
3140 2531 3480 2654 aliisque

515 2661 967 2748 minoribus
1026 2661 1391 2748 flosculis
1436 2664 2131 2750 circumstantibus
2211 2669 2497 2752 amicta
2568 2666 2871 2751 exstat.
2934 2665 3257 2748 Numen
3331 2658 3487 2745 sub.

517 2784 808 2872 arbor.-
881 2786 1154 2901 stagno‘
1197 2792 1555 2903 proxima
1628 2792 1709 2871 in
1793 2793 1936 2873 loto
1994 2785 2245 2875 sedet.
2287 2849 2314 2891 ‚
2402 2814 2561 2873 una
2627 2816 2868 2872 manu
2933 2789 3271 2869 ciacram
3346 2783 3484 2872 seu

387 2990 398 3001 .
505 2908 920 3025 >sceptrum
984 2918 1252 3025 gerit,
1316 2916 1562 2998 altera
1609 2912 1902 3028 pollice
1974 2941 2057 3000 et
2128 2916 2401 3000 indice
2459 2910 2895 3060 compresso
2926 2914 3485 3027 atque-paullo

511 3037 870 3124 extensa
912 3038 1279 3124 adstantis
1336 3062 1586 3154 atque
1641 3038 1946 3153 aliquid
1993 3038 2094 3123 ab
2154 3068 2257 3123 eo
2311 3045 2665 3153 petentis
2700 3041 2873 3122 Indi
2912 3033 3293 3149 precibus
3328 3067 3477 3126 an·-

520 3167 760 3264 ιιιιίι,
817 3167 958 3279 qui
1008 3164 1256 3250 Indus
1307 3191 1494 3249 arcu
1531 3189 1634 3249 er
1700 3166 2070 3278 pharetra
2124 3164 2538 3250 instructus
2599 3165 2762 3252 est.
2828 3163 3139 3248 Vishnu
3188 3190 3481 3277 corpo·

377 3297 381 3303 ’
518 3317 607 3374 re
666 3288 1105 3388 caeruleo,
1169 3286 1483 3374 duabus
1545 3288 1909 3375 manibus
1962 3351 1989 3390 ,
2053 3292 2298 3374 Indus
2365 3292 2635 3376 colore
2696 3287 2916 3374 flavo
2980 3284 3477 3375 exhibetur.

515 3413 802 3499 Tertia
859 3413 1120 3528 figura
1163 3410 1709 3526 repraesentat
1763 3418 2005 3501 deum
2064 3414 2381 3501 Vishnu
2466 3419 2550 3501 in
2607 3414 2913 3502 Krshnae
2979 3408 3125 3499 seu
3178 3416 3480 3527 Apolli-

518 3567 704 3623 nem
758 3543 1115 3623 Nomium
1176 3542 1674 3625 incarnatum
1709 3603 1734 3625 .
1797 3545 1951 3625 Hic
2001 3539 2328 3626 Krshna
2378 3538 2815 3628 exhibetur
2901 3537 3110 3624 facie
3164 3564 3259 3625 et
3306 3566 3483 3625 cor-

515 3691 716 3776 pore
797 3661 1317 3750 subcaeruleo
1365 3720 1396 3765 ,
1458 3665 1771 3752 duabus
1829 3663 2197 3751 manibus
2250 3726 2277 3767 ‚
2359 3694 2699 3783 quarum
2788 3678 3132 3778 utraque
3199 3661 3485 3752 tibiam

517 3793 640 3870 ori
712 3789 1140 3902 appositam
1189 3816 1419 3907 tener
1465 3850 1490 3892 ,
1553 3819 1812 3907 eaque
1887 3794 2096 3878 ludit
2147 3793 2426 3905 digitis
2510 3792 2761 3879 tibiae
2814 3790 3233 3876 ‚foramina
3297 3817 3481 3905 pre-

505 3909 930 3996 mentibus
991 3939 1074 3998 et
1129 3914 1790 4000 modulantibuS.
1853 3917 1974 3999 Ex
2042 3941 2383 4031 utraque
2437 3914 2690 4001 tibiae
2744 3941 2975 4029 parte
3018 3914 3326 4031 pendet
3354 3944 3482 4001 or-

503 4061 989 4122 namentum
1038 4040 1500 4124 linostinum
1560 4100 1586 4139 ‚
1666 4064 1751 4124 et
1809 4040 2062 4126 viride
2113 4056 2216 4124 ex
2273 4042 3033 4154 pavonumpennis
3101 4039 3481 4155 compofi·

519 4189 752 4261 tum,
816 4164 1138 4249 maioris
1196 4165 1648 4277 elegantiae
1720 4162 1973 4250 caussa
2037 4167 2386 4279 appendi
2434 4162 2805 4253 solitum.
2874 4163 3001 4250 Ad
3053 4163 3304 4279 pedes
3340 4166 3487 4252 dei

495 4314 740 4374 tetro
769 4285 902 4371 stat
958 4315 1195 4374 vacca
1258 4287 1500 4374 rubra
1535 4285 1815 4375 sonum
1876 4287 2174 4376 fistulae
2211 4293 2675 4404 excipiens.
2739 4296 3064 4375 Numen
3103 4292 3480 4404 incapite

499 4418 728 4528 -gerit
781 4441 1162 4498 coronam
1230 4411 1367 4497 seu
1423 4412 1716 4502 sertum
1754 4443 1853 4502 ex
1885 4420 2217 4530 pavonis
2283 4421 2568 4531 pennis
2600 4412 3130 4529 compositum
3188 4477 3215 4514 ,
3277 4440 3362 4501 et
3395 4421 3493 4502 in·

518 4541 770 4625 altum
831 4539 1287 4654 affurgens‚
1350 4569 1519 4660 quo
1574 4540 1813 4644 Indi,
1881 4566 1971 4627 ut
2027 4537 2542 4648 ventilabro,
2602 4543 2704 4629 ad
2772 4540 3191 4659 pellendos
3266 4541 3486 4629 calo-

493 4690 644 4749 ·res
694 4666 813 4749 uti
862 4662 1175 4751 solent.
3460 4722 3471 4727 -

763 4791 856 4873 In
919 4786 1275 4929 eiusdem
1319 4794 1587 4883 valvae
1637 4790 1850 4886 facie
1911 4814 2307 4911 externa,
2341 4820 2551 4912 quae
2587 4792 2697 4883 est
2721 4792 2994 4917 lignea
3025 4797 3218 4886 dum
3254 4792 3505 4913 char·

2265 4920 2334 5009 E
2365 4947 2414 5013 e
3364 4945 3487 5005 ta·

3480 193 3541 214 A·
