4299 5782
3330 269 3510 378 507
3656 278 3663 284 ’

515 407 658 498 dei
710 401 1231 524 potestatem,
1300 423 1393 488 ae
1446 400 1547 489 ad
1614 396 2073 516 puniendos
2131 392 2380 486 malos
2415 396 2797 483 virtutem
2837 391 3244 484 indicant.
3317 402 3521 485 Chiss

524 562 795 631 macra
854 532 1058 617 hacc
1117 525 1533 647 perspicue
1570 530 2115 615 demonstrat:
2186 527 2430 613 Indos
2472 523 2970 610 Vishnuvltas
3000 520 3315 611 Vishnu
3356 528 3516 613 deo
3632 523 3646 534 ⁶

523 687 918 778 aquatum
978 658 1309 772 praesidi
1371 660 1703 767 praemii
1770 681 1855 740 ct
1915 681 2291 768 poenae,
2355 648 2996 744 conservationis
3080 654 3163 734 &
3219 651 3520 740 destru-

527 790 816 874 &ionis
869 809 1134 868 rerum
1181 788 1258 865 δι
1311 782 1735 876 hominnm
1766 842 1793 884 ‚
1853 784 2016 866 vim
2075 786 2155 866 δι
2206 779 2680 894 potestatem
2717 772 3169 896 adscribere
3204 840 3228 863 .
3292 781 3517 868 vide

532 909 865 1032 systema
921 910 1542 995 Btahmanicum
1599 933 1785 1023 pag.
1832 921 2031 992 160.
2095 909 2188 991 In
2226 905 2385 993 hoc
2414 904 2829 991 simulacro
2860 907 3282 1015 Nat-asinha
3317 907 3523 993 deus

532 1062 697 1123 una
755 1063 993 1121 manu
1040 1059 1269 1121 tenet
1340 1037 1644 1136 ciacra,
1707 1028 1844 1117 seu
1901 1028 2301 1148 sceptrum
2367 1097 2392 1132 ,
2456 1032 2708 1118 altera
2770 1029 3066 1130 deam,
3131 1055 3223 1117 ut
3291 1035 3518 1121 videa

534 1186 721 1264 tur,
785 1188 1121 1247 uxorem
1187 1157 1406 1245 suam
1466 1160 1857 1245 Laekrhm!
1901 1156 2043 1244 fibi
2114 1154 2572 1243 allidentem
2638 1160 3138 1273 amplexatur
3204 1216 3231 1258 ‚
3313 1161 3520 1246 duas

536 1316 734 1376 vero
784 1289 1139 1403 reliquas
1197 1314 1482 1371 manus
1525 1311 1816 1372 vacuas
1875 1289 1957 1370 δι
2006 1280 2420 1398 protensas
2496 1286 2710 1396 gerit
2764 1347 2789 1369 .
2871 1282 3222 1367 Pedibus
3296 1281 3525 1374 sedet

534 1411 960 1501 decussatis
997 1471 1024 1512 ‚
1086 1417 1167 1497 δε
1220 1408 1453 1526 supra
1505 1408 1932 1497 maiestatis
1985 1435 2188 1521 ergo
2221 1406 2521 1494 throno
2570 1410 3040 1521 cooperitur
3073 1467 3097 1491 .
3159 1412 3264 1494 V.
3313 1407 3527 1525 figu-

540 1568 628 1626 ra
664 1602 689 1641 ‚
775 1542 876 1626 ad
930 1533 1421 1651 superiorem
1475 1539 1688 1623 illius
1738 1534 2010 1624 throni
2078 1557 2391 1647 partem
2441 1532 2581 1621 stat
2632 1535 2847 1620 idem
2881 1534 3196 1620 Vishnu
3249 1537 3523 1652 capite

540 1668 805 1780 equino
855 1663 1337 1766 instructus,
1400 1663 1624 1779 quod
1690 1665 2338 1748 incarnationem
2402 1663 2579 1745 eius
2648 1662 3046 1746 decimam
3118 1665 3205 1747 in
3255 1689 3524 1777 equum
3616 1764 3624 1776 ,

541 1790 900 1877 fututam
968 1789 1275 1874 indicat
1314 1847 1333 1872 .
1398 1791 1693 1875 Manus
1762 1789 1975 1901 gerit
2026 1810 2379 1903 quatuor
2417 1845 2444 1886 ‚
2509 1789 2594 1870 in
2683 1812 3023 1903 quarum
3088 1814 3244 1872 una
3300 1785 3531 1904 scep-

546 1942 764 2003 trum
814 1911 950 1998 seu
1042 1917 1341 2014 ciacra,
1406 1917 1488 1997 in
1547 1913 1801 1998 altera
1861 1916 2130 2026 dangu
2168 1907 2303 1995 seu
2352 1912 2793 2009 buccinum,
2861 1938 3032 2028 quo
3080 1907 3346 1999 rerum
3412 1915 3526 2003 se.

544 2046 767 2127 mina
827 2041 926 2124 ad
984 2037 1591 2153 productionem
1642 2062 1988 2137 evocat,
2051 2035 2324 2122 eidem
2386 2033 2843 2152 affingitur.
2904 2037 3037 2123 Ad
3092 2038 3302 2125 lat'u's
3359 2041 3532 2129 fini-

545 2166 787 2252 strum
860 2165 1133 2251 throni
1191 2165 1484 2252 adstare
1540 2168 1862 2253 videtur
1905 2164 2210 2252 Rrsbna
2276 2163 2480 2250 deus
2545 2163 2912 2253 manibus
3008 2189 3093 2253 et
3180 2167 3531 2283 pedibus

552 2292 855 2380 throno
912 2294 1400 2381 incumbens
1439 2352 1462 2378 .
2027 2321 2030 2324 ·

804 2422 1050 2505 Valva
1109 2418 1486 2536 plicatilis
1546 2414 2042 2537 subsequens
2098 2418 2433 2508 dextera
2484 2442 2757 2506 -totam
2820 2418 3100 2534 templi
3193 2415 3329 2508 seu
3417 2418 3537 2511 sa-

553 2549 787 2633 crarii
854 2544 1143 2631 faciem
1203 2571 1490 2659 tegens
1549 2550 1630 2630 δε
1685 2546 1847 2632 tela
1904 2553 2354 2647 catens‚in
2400 2543 2536 2632 sua
2576 2552 2896 2631 interna
2959 2545 3172 2633 facie
3206 2552 3290 2633 in
3330 2551 3533 2637 cella

559 2672 999 2756 unionibus
1055 2672 1442 2756 adornata
1487 2672 1824 2758 exhibet
1882 2675 2128 2759 deum
2185 2674 2433 2757 Rima
2476 2732 2503 2772 ,
2563 2677 2708 2789 qui
2778 2672 3058 2757 Visbnu
3094 2673 3230 2757 dei
3285 2676 3535 2760 incar·

559 2802 788 2880 natio
841 2797 994 2880 cst.
1061 2803 1386 2880 Numen
1459 2801 1672 2911 gerit
1720 2795 2015 2883 faciem
2099 2799 2549 2885 caeruleam
2657 2822 2800 2882 aut
2869 2794 3530 2906 fusco-viridem,

552 2922 841 3007 oculos
899 2925 1399 3024 albicantes,
1465 2924 2189 3037 pupillasnigras,
2251 2921 2612 3010 frontem
2648 2923 2900 3009 rubro
2930 2923 3296 3010 Bhavdni
3329 2929 3535 3016 deae

547 3046 1326 3163 figno‘distinetam‚
1391 3051 1475 3132 in
1535 3050 1863 3135 auribus
1908 3049 2300 3163 protensis
2349 3053 2728 3151 inaures,
2789 3075 3033 3162 capnt
3094 3053 3539 3143 tutulatum

554 3200 651 3261 ac
712 3177 947 3262 mitra
1008 3177 1358 3285 praealta
1417 3179 1751 3288 gemmis
1804 3177 2191 3266 rutilante
2271 3175 2733 3263 instructum
2791 3235 2818 3277 ‚
2883 3190 3094 3291 quae
3155 3205 3533 3292 gemmae

553 3302 638 3386 in
704 3303 978 3387 medio
1035 3302 1321 3388 mitrae
1377 3303 1707 3388 ciaet-am
1757 3303 2157 3421 exhibent
2196 3363 2219 3389 .
2316 3306 2638 3387 Numen
2731 3326 3083 3417 quatuor
3162 3307 3543 3392 manibus

477 3488 484 3497 ·
553 3428 919 3542 gaudet,
982 3456 1324 3544 quarum
1383 3424 1596 3515 dua'e
1658 3430 1988 3516 altiores
2084 3430 2332 3516 ciacra
2388 3453 2684 3543 gerunt
2719 3487 2747 3530 ,
2811 3429 3015 3514 aliae
3069 3429 3283 3515 duae
3336 3460 3541 3545 pen·

552 3554 727 3638 files
794 3550 974 3640 sunt
1012 3613 1038 3636 .
1083 3560 1409 3646 ‚Harum
1477 3583 1635 3641 una
1692 3554 2114 3666 speetatori
2176 3556 2419 3655 vola,
2480 3558 2727 3643 altera
2785 3554 3051 3670 palma
3110 3615 3136 3656 ‚
3197 3554 3540 3645 obversa

554 3676 846 3790 prostat
883 3739 903 3760 .
975 3675 1102 3763 Ad
1157 3680 1468 3766 femora
1533 3683 1847 3797 gladius
1907 3682 2238 3769 Indicus
2302 3683 2663 3794 pendet.
2729 3685 3055 3793 Corpus
3094 3683 3539 3773 deirorum

552 3800 883 3888 sindone
968 3802 1147 3891 alba
1213 3804 1578 3892 flosculis
1643 3807 1847 3892 albis
1903 3810 2215 3895 intexta
2277 3809 2708 3908 induitur,
2773 3815 2851 3893 &
2916 3807 3162 3891 huius
3220 3808 3539 3899 formae

556 3926 787 4013 vestis
850 3960 954 4014 cx
1016 3929 1193 4045 ipsis
1255 3934 1453 4018 albis
1517 3933 1869 4019 floribus
1919 3931 2217 4018 confici
2286 3931 2533 4019 solet.
2599 3938 2994 4019 Veterum
3065 3934 3347 4048 Indiae
3408 3964 3541 4023 re-

557 4064 755 4169 gum
807 4085 908 4140 ex
963 4062 1182 4143 tribu
1232 4058 1595 4145 Kshetrla
1658 4055 2327 4146 descendentium
2355 4059 2760 4169 peculiare
2792 4061 3365 4145 indumentum
3401 4060 3540 4164 est,

557 4182 784 4293 quod
835 4183 1211 4283 indicat,
1250 4186 1491 4271 Indos
1525 4182 1934 4300 persuasos
1992 4181 2146 4272 effe
2186 4218 2212 4272 ε
2280 4185 2523 4271 Rama
2611 4184 2858 4273 deum
2945 4183 3081 4271 seu
3159 4187 3540 4278 iuvenem

554 4309 922 4393 Bacchum
970 4304 1133 4395 non
1186 4338 1233 4408 a
1285 4314 1560 4431 Scythis
1589 4374 1614 4414 ‚
1680 4342 1845 4401 non
1906 4339 1954 4397 a
2008 4317 2309 4400 Graecis
2337 4374 2366 4418 ‚
2430 4340 2595 4398 non
2653 4312 2759 4396 ab
2794 4308 3164 4431 Aegyptiis
3208 4309 3544 4421 descen·

555 4429 747 4520 disse
796 4496 822 4537 ‚
886 4432 1022 4521 sed
1070 4430 1393 4522 suorum
1433 4466 1715 4552 regum
1779 4443 2260 4553 progeniem
2324 4498 2354 4541 ‚
2449 4461 2695 4551 caput
2769 4443 2848 4521 &
2913 4444 3228 4554 apicem
3295 4438 3450 4527 esse
3513 4460 3543 4527 .··

560 4559 653 4643 In
703 4568 1028 4675 pestore
1085 4564 1219 4649 dei
1308 4592 1628 4679 praeter
1713 4566 2044 4652 monilia
2112 4592 2221 4649 ex
2311 4567 2521 4652 collo
2584 4566 2662 4649 in
2728 4560 2982 4651 finum
3041 4559 3548 4673 defluentia,

561 4686 664 4771 ad
718 4688 971 4776 latera
1027 4690 1195 4775 duo
1258 4694 1559 4779 micant
1620 4695 2018 4795 unioneS,
2079 4716 2292 4808 quos
2346 4693 2448 4779 ad
2492 4692 2958 4807 exemplum
3055 4694 3332 4783 Bacch!
3382 4695 3547 4780 ho·

556 4807 894 4903 dicdum
958 4819 1313 4938 gentiles
1377 4821 1557 4910 Indi
1615 4819 1941 4910 ksbetria
1985 4843 2229 4935 reges
2316 4816 2629 4911 sindoni
2703 4815 2892 4910 suae
2931 4879 2964 4925 ,
3045 4825 3127 4908 δι
3179 4817 3391 4920 παῖ
3436 4848 3542 5030 ἓ(

2124 4944 2300 5034 Dd
2530 5028 2559 5051 κ
3329 4946 3440 5069 by
3498 4962 3554 5034 ο
