4299 5782
778 290 1163 496 {rigentia
1156 381 1404 468 vitae
1455 383 1642 475 bona
1677 405 2213 493 promanarent
2245 386 2661 493 simulavit
2722 386 2879 490 (M
2885 416 2929 473 n
2940 393 3182 491 eves)
3225 393 3546 511 Aegypti
3567 417 3756 480 rex.

777 516 885 599 Id
931 508 1347 597 commenti
1376 540 1608 623 genus
1650 513 1865 622 apud
1908 515 2165 622 plures
2207 544 2495 627 quoque
2551 517 2745 598 alias
2803 536 3074 626 gentes
3115 516 3538 603 adhibitum
3604 523 3761 630 (st.

781 638 1037 728 Diod.
1080 637 1241 722 Sic.
1284 636 1414 723 lib
1442 664 1537 721 ..1
1579 654 1673 748 p.
1704 665 1894 742 τος.
1951 641 2128 727 edit.
2192 640 2486 746 Amstel.
2550 643 2761 728 Vide
2807 666 2991 755 pag.
3043 666 3179 749 14·-

934 813 1019 892 8.
1150 820 1258 935 erg
1278 832 1366 888 «n
1386 812 1533 889 5328
1604 804 1922 951 ,S-uga‘fff?
1955 868 1981 911 ,
2033 809 2336 920 pulchre
2395 869 2422 912 ,
2483 809 2625 929 cito
2680 871 2708 911 ,
2745 795 3218 929 ftstinanter'
3261 813 3530 939 volans
3616 814 3757 895 aut'

770 1047 1137 1136 pergens.
1205 1020 1459 1141 masta
1506 966 1984 1135 praepositio
2043 983 2299 1160 laudis
2382 1017 2491 1105 est
2558 1044 2702 1107 aut
2787 1018 3323 1137 festinationis
3389 1086 3416 1129 ,
3493 1014 3750 1108 απῶέ

777 1189 988 1301 gada
1024 1187 1496 1290 ambulans,
1557 1213 1957 1337 pergens,
2024 1186 2161 1280 vel
2196 1187 2536 1289 volans,
2602 1186 2925 1300 insignis
2963 1191 3282 1294 viator,
3348 1195 3761 1295 nuntius,

782 1312 1121 1427 Orpheo
1178 1314 1494 1425 alipes,
1555 1314 2121 1413 internuntium
2122 1314 2487 1399 idcirco
2539 1314 2835 1398 Graeci
2881 1314 3310 1402 simulacris
3361 1320 3753 1403 Mercurii

764 1438 951 1523 <alas
1006 1442 1088 1524 in
1157 1442 1420 1554 capite
1472 1444 1549 1524 &
1596 1434 1937 1563 pedibus
1987 1432 2428 1553 affingunt,
2492 1465 2701 1555 quae
2764 1440 3094 1554 quidem
3170 1443 3340 1527 alae
3401 1471 3564 1529 non
3614 1470 3755 1527 vo·

784 1567 904 1649 cis
970 1563 1112 1649 aut
1168 1566 1461 1649 mentis
1527 1567 2021 1663 celeritatem
2079 1561 2132 1647 Γ
2137 1563 2593 1676 gnificaut
2657 1564 2922 1682 quod
2970 1568 3189 1651 vult
3211 1571 3759 1669 Macrobius;

775 1684 923 1776 sed
974 1688 1209 1803 ipsius
1252 1690 1403 1775 dei
1464 1694 1684 1804 genii
1763 1682 2273 1778 velocitatem
2335 1694 2857 1804 exprimunt,
2921 1718 3081 1806 qua
3139 1682 3610 1778 hominibus
3667 1689 3751 1779 se

653 1818 661 1827 '
774 1806 1352 1900 invocantibus
1409 1820 1716 1929 praesto
1776 1814 1944 1916 est,
2008 1843 2103 1902 ac
2164 1814 2664 1931 reliquorum
2729 1817 3181 1961 principum
3237 1819 3576 1905 deorum
3639 1842 3754 1904 ta·

772 1939 1028 2026 bellas
1082 1946 1163 2025 &
1213 1940 1584 2025 mandata
1638 1942 1960 2028 defert.
2031 1938 2595 2035 Calcuttenses
2651 1938 2899 2053 Angli
2986 1944 3067 2025 in
3134 1943 3347 2029 libro
3433 1944 3753 2054 Astatick

776 2068 1181 2176 rqsearcbes
1237 2084 1430 2151 tom.
1475 2097 1547 2151 ι.
1602 2084 1796 2180 pag.
1831 2096 2030 2176 129.
2068 2072 2145 2149 δε
2213 2068 2400 2152 alibi
2440 2060 2669 2180 saepe
2715 2093 3172 2180 cognomen
3219 2070 3523 2185 stegada
3568 2096 3750 2157 cor

776 2210 1022 2306 rupte
1089 2189 1450 2277 scribunt
1503 2195 1870 2307 Soogot.
1939 2199 2081 2277 For
2134 2191 2352 2305 being
2396 2224 2446 2276 a
2501 2197 2896 2307 Soogot,
2927 2192 3047 2283 he
3103 2193 3167 2275 is
3245 2197 3412 2282 lord
3484 2197 3580 2308 of
3616 2195 3753 2284 the

774 2312 1175 2424 universt3
1239 2318 1340 2404 ad
1385 2345 1595 2432 quae
1650 2319 1901 2405 verba
1970 2320 2462 2403 D.Wi1kius
2523 2344 2818 2402 nomen
2860 2323 3165 2430 Soogot,
3200 2319 3283 2402 id
3347 2324 3514 2418 est,
3583 2348 3751 2404 mo·

778 2468 873 2528 re
894 2436 1190 2527 Latino
1238 2444 1365 2529 vel
1413 2444 1695 2530 Italico
1744 2439 2121 2590 scriptu-m
2178 2447 2533 2555 sagacia,
2596 2440 3135 2556 ineptiffime
3109 2469 3745 2564 interpretatur:

596 2576 619 2594 '
772 2588 876 2653 an
920 2567 1236 2677 atheist,
1300 2567 1686 2669 atheista3
1747 2572 1858 2653 ait
1921 2572 2202 2652 enim:
2275 2574 2528 2681 Soogot
2555 2571 2648 2677 f
2625 2600 2759 2682 gn
2732 2569 2890 2683 fies
2941 2599 3043 2653 an
3096 2568 3414 2680 urbest,
3476 2602 3558 2657 or
3589 2572 3761 2683 fol·

771 2695 976 2783 lover
1018 2696 1116 2807 φ’
1143 2695 1270 2781 the
1329 2715 1567 2779 tenets
1628 2696 1724 2807 qs
1769 2701 2068 2839 8003034
2117 2693 2627 2811 Philqlbpher.

788 2838 803 2865 ‘
1029 2818 1545 2907 Wilkinfium'
1614 2823 1971 2907 ‘correxit
2038 2815 2205 2935 ipse
2262 2820 2370 2905 D.
2425 2818 2797 2932 Hastings
2876 2799 3078 2906 tunc
3135 2814 3446 2934 praeses
3473 2810 3757 2906 socie·

769 2951 963 3036 tatis
996 2947 1435 3034 litterariae
1462 2927 2162 3060 Anglo-Indicae‚
2222 2950 2372 3062 qui
2407 2974 2589 3094 pag.
2629 2942 3487 3053 142.e1usdem11br1
3552 2946 3751 3030 dum

644 3076 653 3090 '
766 3055 1496 3159 animadversiones
1556 3069 1952 3157 Wilkinfii
2013 3071 2392 3188 castigat,
2457 3077 2627 3158 ait.
2701 3076 2774 3154 Is
2849 3092 2974 3156 not
3009 3073 3175 3156 the
3213 3069 3402 3187 βψ
3447 3073 3756 3183 couplet

770 3207 808 3301 (
855 3191 1399 3312 inscriptionis
1460 3199 1543 3281 in
1602 3197 1874 3282 tabula
1930 3224 2225 3299 aerea,
2290 3226 2501 3316 quae
2565 3198 2663 3282 ad
2715 3223 3017 3282 annum
3061 3225 3197 3303 23.
3254 3223 3447 3283 ante
3505 3196 3751 3280 Chri-

769 3320 980 3422 stum
1036 3346 1316 3408 natum
1371 3319 1772 3423 refertur,
1829 3331 1860 3425 )
1922 3321 1992 3405 Is
2050 3346 2192 3408 not
2235 3324 2358 3407 the
2397 3322 2580 3437 'first
2623 3326 2902 3430 couplet
2966 3324 3046 3405 fn
3092 3322 3367 3408 honour
3447 3323 3543 3433 ‘ff
3598 3330 3754 3407 Bu-

773 3449 984 3552 dha,
1048 3479 1180 3535 one
1227 3450 1324 3560 eff
1362 3447 1619 3555 Whost
1668 3476 1921 3533 names
1975 3445 2056 3532 {n
2109 3449 2232 3533 the
2290 3447 2681 3536 Amat-rosh
2735 3457 2766 3551 (
2812 3446 3320 3533 Amarafinha
3374 3458 3407 3549 )
3480 3450 3544 3532 fs
3603 3452 3751 3531 Su-

769 3576 1053 3689 guda}
1113 3573 1437 3687 Sugada
1483 3576 1766 3690 itaque
1861 3600 2114 3676 unum
2196 3573 2308 3660 est
2380 3587 2842 3704 cognomen
2939 3598 3043 3657 ex
3122 3571 3754 3685 cognominibus

775 3698 1146 3796 Budbae
1117 3725 1202 3784 tn
1239 3699 1461 3786 libro
1519 3695 2030 3788 Amarafinha
2078 3695 2553 3818 descriptis.
2621 3703 2928 3786 Verum
2980 3725 3082 3784 an
3138 3698 3427 3784 Budha
3495 3696 3762 3812 philo-

774 3821 1079 3941 sophus
1130 3823 1290 3928 est,
1351 3830 1433 3911 δι
1495 3829 1615 3914 vit·
1683 3823 2097 3927 mortalis,
2165 3830 2307 3942 qui
2375 3822 2961 3942 philosophiam
3051 3820 3466 3924 instituit,
3531 3820 3759 3970 quod

521 3953 525 3958 ’
690 4023 693 4026 -
774 3947 1276 4054 oscitanter,
1338 3949 1393 4036 Γ
1366 3978 1502 4037 ne
1563 3945 1985 4036 sufficienti
2038 3951 2364 4064 linguae
2423 3946 3092 4038 Samscrdamicae
3151 3952 3449 4062 peritia
3504 3950 3766 4033 exin·

774 4064 1099 4193 digestis
1150 4076 1460 4164 Indicis
1523 4073 1822 4163 fabulis
1876 4073 2289 4163 adstruunt
2337 4073 2600 4191 Angli
2637 4082 2679 4158 ἓ
2734 4075 2861 4160 An
2945 4075 3231 4160 atheus
3297 4070 3468 4173 est,
3532 4068 3760 4188 quod

777 4206 1066 4290 itidem
1113 4202 1420 4292 docent
1462 4213 1538 4302 §-
1579 4206 1724 4290 18.
1784 4208 1827 4285 3
1883 4197 2012 4286 An
2079 4203 2459 4314 Sugada,
2521 4205 2774 4319 qui&
2811 4200 3118 4301 Badha,
3187 4227 3349 4283 non
3387 4195 3494 4283 est
3527 4199 3754 4283 Mer-

626 4433 633 4442 *
782 4331 1058 4422 curius
1094 4334 1485 4463 nuntius,
1546 4326 1882 4445 insignis
1913 4327 2236 4428 viator,
2302 4328 2608 4441 alipes,
2633 4309 3119 4440 &Orpheo
3152 4324 3754 4413 internuntiusff

1152 4510 2089 4547 .......
2201 4456 2512 4567 pedibus
2575 4453 2856 4540 talaria
2905 4454 3138 4542 ncc‘Jt’t

1157 4587 1469 4668 Aurea.
1533 4609 1730 4697 quae
1765 4559 2173 4696 stabllmqm
2226 4582 2370 4666 alis
2392 4584 2575 4692 five
2639 4607 2972 4695 aequora
2987 4582 3229 4691 stepra

1076 4710 1300 4791 Seu
1355 4727 1693 4808 terram,
1750 4710 2009 4818 rapido
2060 4709 2362 4825 pariter
2419 4739 2584 4802 cum
2619 4710 2962 4828 flamlne
2997 4718 3368 4821 panant·

964 4825 969 4836 ¹
1148 4833 1256 4922 Vi
1264 4857 1380 4950 rg.
1413 4859 1500 4941 4.
1549 4831 1910 4920 Aeneidos
1941 4892 1969 4922 .
3650 4903 3664 4911 ,

1348 5007 1357 5014 ,
1482 4997 1487 5006 .
3525 4943 3760 5044 ’Vide
