4299 5782
758 330 860 391 21

751 330 1275 516 corfiunaum
1324 410 1542 525 esse,
1597 442 1694 509 ac
1765 418 2367 509 elementorum
2431 401 2810 504 accurata
2907 407 3317 502 mixtione
3390 419 3473 504 &
3540 438 3747 503 tem-

750 558 982 671 perie
1036 552 1313 636 omnia
1363 549 1846 662 perdomare
1906 605 1938 653 ,
2029 547 2470 646 instruere,
2556 543 2995 630 conciliare
3050 600 3072 624 .
3147 543 3427 629 Hamae
3502 545 3751 633 adstat

752 682 945 768 Sida
997 680 1171 763 eius
1230 701 1435 776 uxor
1485 669 1703 761 ssavo
1772 672 2049 760 colore
2107 672 2476 788 fulgens.
2545 671 3022 787 Sequuntur
3067 671 3151 753 in
3212 672 3362 756 aha
3410 674 3608 759 cella
3636 670 3743 758 ad

729 808 1138 892 ‘dextrum
1190 802 1397 884 latus
1459 824 1620 888 tres
1687 797 1998 913 figurae
2056 795 2213 884 fine
2276 797 2695 886 attributis
2729 854 2758 898 ,
2820 819 3029 912 quae
3080 803 3373 910 genios
3414 800 3738 913 exiguis

764 934 908 1017 alis
978 930 1392 1014 instrustos
1444 927 1832 1013 exhibere
1884 925 2265 1012 videntur
2308 985 2333 1010 .
2650 925 2657 940 ⁴

1020 1053 1272 1141 Valva
1336 1050 1708 1165 plicatilis
1771 1050 2198 1138 chartacea
2257 1045 2549 1135 finistra
2606 1050 2685 1134 in
2737 1042 2872 1131 sua
2908 1042 3138 1131 -facie
3196 1071 3535 1133 externa
3615 1076 3755 1134 m·-

767 1185 963 1288 dine
1036 1182 1302 1296 primo
1339 1236 1364 1274 ,
1427 1183 1568 1294 qui
1633 1176 1742 1262 est
1788 1173 2254 1292 supremus,
2317 1179 2580 1290 primo
2637 1170 2971 1260 exhibet
3037 1173 3287 1258 deum
3344 1177 3616 1260 Vishnu
3641 1175 3755 1262 fa·

776 1314 906 1397 cie
954 1310 1032 1390 δι
1088 1328 1430 1417 corpore
1479 1307 1740 1388 rubeo
1799 1358 1828 1400 ‚
1891 1326 2243 1417 quatuor
2330 1302 2696 1417 manibus
2784 1295 3248 1383 insti-uotum
3304 1369 3325 1390 .
3398 1302 3754 1388 Duabus

775 1430 1146 1550 supernis
1206 1428 1453 1542 gestat
1522 1429 2167 1545 quadrangulum
2210 1451 2589 1523 aureum,
2652 1421 3016 1509 inferiori
3052 1423 3338 1511 dextra
3370 1426 3758 1537 gladium,

774 1558 1076 1647 finistra
1132 1550 1500 1641 scutum.
1564 1553 1941 1640 Secunda
2002 1549 2262 1666 figura
2318 1543 2858 1666 repraesentat
2904 1548 3151 1635 deum
3216 1550 3488 1636 Visbnu
3558 1554 3759 1638 dor·-

779 1687 1180 1774 mientem
1239 1685 1320 1763 in
1375 1706 1614 1765 curru
1684 1680 1881 1763 rotis
1940 1674 2101 1766 fine
2166 1677 2407 1768 radiis
2469 1674 2850 1762 instructo
2899 1733 2926 1775 ,
3024 1700 3121 1759 ac
3216 1669 3556 1789 superna
3617 1673 3762 1764 sua

780 1834 1013 1928 parte
1058 1807 1160 1892 ad
1217 1808 1365 1890 loti
1432 1803 1774 1890 formam
1839 1797 2325 1904 efformata,
2378 1805 2461 1887 in
2523 1804 2755 1888 cuius
2827 1793 3250 1914 superficie
3316 1804 3562 1908 iacet·
3635 1805 3767 1889 VI·

787 1921 971 2022 shin'e
1024 1929 1233 2018 facie
1292 1932 1660 2016 caerulea
1697 1992 1724 2034 ,
1786 1933 1918 2015 cui
1976 1926 2451 2043 suppofitam
2502 1925 2751 2013 habet
2792 1952 3117 2010 manum
3182 1926 3551 2034 dextram
3586 1989 3613 2027 ,
3678 1928 3766 2015 fi-

790 2061 1025 2148 nistra
1060 2083 1335 2144 arcum
1374 2058 1749 2170 gestans.
1811 2051 2096 2144 Tertia
2125 2055 2383 2169 figura
2404 2047 2757 2141 'exhibet
2789 2051 3164 2138 eumdem
3205 2053 3451 2138 deum
3493 2055 3770 2141 Visbnu

791 2193 1200 2273 iacentem
1261 2186 1342 2266 in
1395 2182 1881 2296 complicato
1935 2177 2309 2297 serpente
2370 2182 2691 2268 Ananda
2747 2172 2882 2263 seu
2940 2179 3259 2292 Vasiegbt'
3283 2180 3499 2265 dieto
3533 2240 3559 2281 ,
3619 2211 3768 2268 cu-

793 2317 923 2399 ius
982 2313 1351 2426 quinque
1419 2312 1685 2420 capita
1749 2311 2062 2393 numini
2119 2304 2773 2420 supereminent,
2838 2330 2933 2388 ac
2970 2300 3458 2420 quiescentis
3510 2333 3764 2420 caput

795 2456 1259 2548 contegunt
1299 2489 1325 2518 .
1398 2425 1735 2519 Adiacet
1791 2435 1951 2517 deo
1987 2460 2229 2545 *arcus
2299 2429 2506 2517 infra
2561 2491 2588 2533 ,
2677 2435 2757 2515 δε
2816 2423 3180 2544 superius
3258 2436 3571 2543 appi-sta
3632 2463 3772 2522 ex-

759 2563 943 2653 sstat
996 2559 1212 2645 lotos
1265 2615 1291 2640 .
1350 2557 1622 2642 Visbnu
1691 2560 2055 2673 pingitur
2123 2556 2336 2645 facie
2397 2581 2484 2642 et
2545 2581 2886 2668 corpore
2955 2556 3335 2641 caeruleo
3420 2586 3780 2673 quatuor

795 2689 1175 2774 manibus
1245 2682 1634 2798 iufignis-
1697 2686 1969 2772 Unam
2023 2681 2461 2798 appofitam
2518 2681 2769 2767 habet
2839 2685 3112 2780 arcui,
3175 2684 3515 2768 alteram
3580 2683 3775 2801 sup·

792 2811 1129 2935 pofitam
1185 2814 1435 2924 capiti
1488 2868 1515 2911 ,
1563 2814 1828 2896 tertia.
1862 2813 2188 2898 ct’acram
2252 2814 2469 2925 gerit
2529 2869 2557 2909 ,
2641 2829 2928 2924 quarta
3007 2805 3776 2899 vellicat-adstantis

796 2944 902 3029 ad
955 2943 1130 3024 eius
1197 2939 1446 3049 pedes
1502 2939 1844 3022 Laeksml
1905 2941 2179 3022 uxoris
2248 2933 2430 3021 suae
2501 2943 2781 3048 peetus
2815 2993 2840 3032 ,
2893 2961 3106 3050 quae
3156 2961 3400 3019 manu
3471 2964 3628 3022 una
3673 2943 3787 3024 ia-

801 3067 1067 3154 centis
1127 3062 1405 3147 Vishnu
1467 3062 1851 3178 perfricat
1908 3064 2147 3149 tibias
2182 3124 2204 3148 .
2258 3060 2477 3149 Infra
2528 3063 2608 3147 in
2669 3060 2956 3144 eadem
3014 3061 3305 3145 cellula
3370 3061 3569 3145 stant
3605 3064 3778 3147 duo

802 3187 1396 3308 quadranguli,
1456 3213 1544 3274 et
1608 3216 1815 3273 unus
1871 3190 2205 3305 quidem
2283 3191 2364 3272 in
2437 3211 2614 3271 rota
2696 3180 2835 3271 seu
2909 3189 3175 3272 eiacra
3271 3183 3793 3302 descriptus,

661 3362 662 3365 κ
803 3317 1013 3406 alter
1077 3314 1309 3435 alteri
1355 3341 1606 3401 aureo
1654 3315 2216 3428 quadrangulo
2274 3310 2610 3399 infitus'.
2667 3313 2753 3395 In
2793 3314 3063 3398 medio
3101 3312 3239 3398 stat
3272 3338 3405 3398 vas
3440 3341 3788 3404 aureum

778 3440 968 3532 dive
1035 3441 1236 3526 laete
1275 3501 1301 3541 ,
1364 3439 1527 3527 five
1571 3437 1885 3525 caelesti
1945 3435 2334 3525 ambrosia
2396 3440 2778 3549 plenum.

1063 3565 1446 3651 Secundo
1498 3569 1786 3655 ordine
1853 3570 2112 3679 prima
2149 3568 2516 3650 ‘occurrit
2571 3562 2885 3651 Vishnu
2942 3561 3075 3649 dei
3155 3566 3238 3650 in
3317 3592 3581 3677 aprum
3662 3570 3797 3657 in..

817 3691 1125 3783 carnari
1164 3692 1436 3803 imago
1470 3718 1526 3771 .·
1568 3692 1843 3776 Vishnu
1907 3685 2345 3775 exhibetur
2392 3692 2661 3804 capite
2732 3691 3020 3804 aprino
3076 3751 3101 3789 ,
3164 3690 3416 3778 dente
3469 3720 3573 3779 ex
3639 3722 3791 3781 ore

816 3813 1220 3935 prestante
1248 3875 1275 3915 ,
1306 3844 1355 3901 a
1396 3819 1608 3903 collo
1662 3815 2064 3933 reliquum
2102 3842 2394 3928 corpus
2451 3814 2801 3900 bumana
2855 3808 3115 3900 form‘a
3150 3814 3610 3923 instructum
3648 3847 3800 3935 ge-

818 3969 1010 4029 rens
1052 3998 1078 4025 .
1148 3944 1442 4044 Facie,
1501 3938 1871 4031 manibus
1918 4003 1946 4042 ,
2005 3947 2084 4025 &
2117 3966 2462 4057 pectore·
2504 3942 2616 4026 est
2671 3940 2948 4040 albus,
3010 3944 3208 4027 duas
3247 3970 3561 4030 tantum
3634 3974 3807 4033 ma-

827 4094 982 4154 nus
1040 4063 1430 4181 poffidens
1466 4116 1487 4139 ·
1558 4075 1835 4184 Caput
1894 4072 2264 4179 aprinum
2318 4097 2621 4155 corona
2671 4068 3136 4154 redimitum
3188 4067 3298 4154 est
3337 4077 3419 4154 in
3473 4075 3796 4183 apicem

822 4191 1314 4280 ascendente
1349 4254 1370 4275 .
1441 4200 1666 4284 Haec
1713 4197 2166 4309 incarnatio
2206 4193 2414 4281 faeta
2448 4192 2674 4279 fuiffe
2704 4193 3085 4306 fingitur,
3114 4220 3203 4279 ut
3237 4196 3559 4285 Vishnu
3590 4199 3798 4285 deus

826 4345 1121 4406 terram
1181 4315 1284 4403 ab
1326 4324 1597 4428 Iranya
1650 4321 2051 4405 daemone
2113 4320 2214 4403 ad
2248 4315 2625 4439 'abyssum
2656 4315 3055 4406 detrusam
3108 4322 3536 4410 reduceret
3576 4384 3601 4409 .
3664 4326 3803 4411 Se·

823 4442 1092 4531 cunda
1150 4440 1406 4558 figura
1457 4443 1996 4562 repraesentat
2053 4446 2299 4528 deum
2371 4446 2642 4531 Vishnu
2699 4432 3031 4532 dimidia
3067 4443 3180 4531 sui
3216 4455 3581 4564 corporis
3615 4478 3807 4564 par-⁴
3936 4454 3955 4467 ‘

825 4594 910 4654 te
977 4571 1061 4656 in
1123 4570 1515 4657 testudine
1548 4572 1813 4657 stantis
1848 4632 1877 4673 ,
1938 4570 2096 4655 hoc
2137 4567 2248 4653 est
2298 4575 2381 4655 in
2441 4571 2918 4659 testudinem
2979 4573 3577 4662 transformati.
3634 4578 3805 4679 Te-

825 4693 1154 4784 studinis
1188 4723 1282 4780 ac
1339 4700 1473 4782 dei
1524 4697 1773 4784 facies
1807 4724 1892 4783 et
1919 4723 2213 4810 corpus
2256 4697 2487 4782 flavo
2542 4701 2817 4786 colore
2851 4703 3150 4810 pitstum
3179 4702 3290 4786 est
3331 4768 3354 4785 .
3420 4709 3803 4821 Quarum·

830 4813 1201 4913 manibus
1256 4820 1739 4937 iniignitur,
1800 4851 2142 4943 quarum
2190 4822 2403 4913 duae
2470 4814 2926 4944 superiores
3011 4830 3357 4919 ciacram
3435 4828 3799 4949 gestant.

3600 4955 3815 5047 Ter-
